2378 3832
96 185 160 250 196
515 183 685 238 PALLADE

97 335 154 396 aut
172 329 329 395 fictilibus
348 330 446 394 tubis.
478 330 507 394 si
525 352 583 413 per
600 330 741 395 formam
755 331 900 414 ducetur,
918 330 1119 396 solidandus

97 424 147 484 est
181 419 316 503 canalis,
348 441 389 483 ue
421 441 479 503 per
510 419 610 483 rimas
638 441 722 503 aqua
749 420 857 504 possit
883 419 983 485 elabi:
1015 418 1108 484 cuius

96 506 287 594 magnitudo
314 528 374 591 pro
403 528 505 591 aquae
534 529 686 572 mensura
712 508 860 574 facienda
888 514 948 575 est.
994 507 1106 592 siper

96 597 230 682 planum
262 597 386 681 ueniet,
418 597 504 660 inter
536 600 688 663 centenos
720 598 774 662 uel
801 619 982 684 sexagenos
1009 597 1096 681 pedes

97 686 218 749 sensim
236 685 412 751 reclinetur
430 689 594 750 structura
613 684 846 772 sesquipedem,
865 690 903 752 ut
919 687 989 752 uim
1001 685 1118 770 possita

54 775 218 840 2habcre
246 775 403 839 currendi.
449 774 478 839 si
507 774 563 857 qui
591 796 684 839 mons
707 776 897 841 interiectus
921 773 1089 854 occurrerit,

98 868 156 927 aut
178 886 237 947 per
259 863 364 927 latera
386 863 455 927 eius
479 884 597 946 aquam
620 864 773 928 ducemus
797 864 968 950 obliquam
990 862 1087 930 autad

98 973 200 1036 aquae
224 956 323 1035 caput
346 952 516 1035 speluncas
539 952 741 1037 librabimus,
764 975 822 1038 per
843 976 923 1039 quas
944 956 1086 1019 structura

97 1041 276 1125 perueniat.
313 1040 369 1104 sed
389 1041 417 1105 si
436 1063 470 1105 se
489 1041 586 1106 uallis
605 1042 789 1124 interserat,
808 1047 934 1108 erectas
952 1043 1032 1127 pilas
1047 1039 1085 1105 uel

98 1151 192 1195 arcus
215 1151 318 1213 usque
341 1130 382 1193 ad
405 1151 507 1213 aquae
529 1129 618 1195 iusta
640 1131 782 1215 uestigia
805 1136 1028 1197 construemus
1044 1131 1109 1194 aulo

98 1219 260 1304 plumbeis
289 1217 408 1283 fistulis
431 1218 575 1283 clausam
598 1219 679 1284 deici
702 1222 866 1304 patiemur
890 1225 924 1284 et
947 1220 1084 1304 explicata

95 1309 181 1372 ualle
206 1328 409 1393 consurgere.
455 1308 523 1392 sed,
556 1308 642 1392 quod
665 1312 716 1373 est
739 1308 903 1374 salubrius
928 1314 962 1375 ct
985 1307 1083 1379 utilius,

95 1396 252 1461 fictilibus
276 1396 365 1460 tubis
389 1418 463 1461 cum
486 1397 627 1481 ducitur,
656 1397 781 1462 duobus
811 1397 926 1483 digitis
952 1397 1045 1463 crassi
1062 1396 1083 1458 et

97 1508 136 1549 ex
159 1507 224 1549 una
247 1490 340 1568 parte
359 1486 536 1550 reddantur
554 1484 695 1571 angusti,
718 1490 756 1550 ut
773 1485 876 1570 palmi
895 1487 1002 1571 spatio
1019 1503 1082 1550 unus

95 1575 130 1637 in
158 1573 298 1638 alterum
324 1573 431 1658 possit
458 1575 595 1639 intrare:
624 1597 704 1658 quas
727 1575 895 1639 iuncturas
919 1576 997 1640 uiua
1017 1573 1081 1639 calce
1091 1588 1105 1629 1⁶

51 1664 71 1727 3
96 1662 167 1726 oleo
182 1661 318 1726 subacta
331 1663 485 1727 debemus
499 1664 643 1728 inlinere.
673 1665 728 1728 sed
743 1667 918 1748 antequam
933 1665 986 1729 his
1000 1680 1080 1748 aquae

95 1773 208 1816 cursus
228 1750 421 1836 admittitur,
438 1752 553 1816 fauilla
570 1774 629 1836 per
647 1773 703 1817 cos
723 1753 827 1816 mixta
844 1753 964 1839 exiguo
978 1754 1081 1836 liquore

96 1841 254 1924 decurrat,
276 1843 313 1903 ut
337 1840 498 1925 glutinare
522 1841 637 1925 possit,
660 1841 688 1906 si
712 1863 776 1925 qua
799 1846 877 1906 sunt
899 1842 984 1907 uitia
1005 1841 1081 1906 tubu-

94 1929 209 1993 lorum.
240 1928 358 1993 ultima
375 1930 459 1993 ratio
479 1935 529 1994 est
547 1930 707 2014 plumbeis
726 1930 846 1995 fistulis
865 1930 995 1996 ducere:
1017 1947 1080 2013 quac

95 2041 195 2102 aquas
222 2016 336 2082 noxias
364 2019 510 2082 reddunt.
554 2041 630 2083 nam
658 2040 787 2084 cerussa
814 2019 951 2103 plumbo
976 2021 1105 2085 creatura

95 2108 229 2192 adtrito,
258 2129 339 2191 quae
362 2107 552 2190 corporibus
574 2107 705 2173 nocebit
727 2107 888 2173 humanis.
935 2105 1083 2194 diligentis

95 2197 158 2262 erit
190 2218 346 2281 aquarum
378 2197 581 2280 receptacula
612 2196 783 2283 fabricari,
818 2201 856 2262 ut
893 2199 1020 2282 copiam
1041 2191 1085 2259 'uel

98 2286 191 2370 inops
215 2308 299 2350 uena
321 2289 482 2369 procuret.

169 2483 182 2528 1
203 2477 315 2530 fiotibus
336 2478 397 2531 PV
416 2481 425 2548 ΙΙ
448 2484 463 2530 2
482 2477 572 2547 possit
591 2493 665 2546 aqua
684 2479 714 2531 E
734 2480 744 2548 ΙΙ
766 2485 783 2531 4
805 2495 960 2548 sexagenos
979 2478 1024 2533 uel
1040 2491 1088 2530 ceu·

98 2550 177 2600 tenos
193 2564 255 2628 'cop
282 2551 291 2617 ΙΙ
318 2548 383 2602 bin
402 2547 561 2617 sesquidem
582 2550 690 2620 Gucps
716 2551 726 2619 l
753 2555 769 2602 6
793 2549 855 2618 quis
873 2551 984 2622 Eiocp
1009 2552 1018 2620 ΙΙ
1042 2561 1088 2600 suc·

98 2620 215 2671 current
233 2619 405 2689 PLchr
426 2621 463 2673 ad
481 2637 531 2675 om.
548 2620 626 2691 Glss
645 2619 675 2672 in
696 2619 842 2690 speluncas
859 2621 885 2676 G
901 2624 905 2691 Ι
920 2637 972 2691 per
989 2633 1089 2690 quarum

98 2691 267 2743 structuram
286 2708 363 2761 ceps
376 2693 385 2760 ΙΙ
408 2697 423 2744 9
444 2691 594 2745 conueniat
611 2693 643 2761 il
664 2707 693 2745 se
711 2708 762 2746 om.
784 2692 810 2747 G
825 2695 829 2762 Ι
845 2691 966 2748 intersit.
999 2691 1089 2746 erectos

98 2760 170 2830 pilos
190 2760 216 2813 V
239 2762 249 2829 ll
277 2767 311 2814 10
330 2778 526 2816 conseruemus
544 2763 575 2817 Ε
595 2765 605 2833 ll
628 2768 659 2815 11
680 2764 709 2816 et
727 2764 804 2817 occi
824 2765 833 2833 ll
858 2768 891 2815 13
916 2762 940 2817 si
959 2763 1013 2818 fict.
1031 2756 1088 2823 a’l

99 2830 265 2886 conducitur
283 2833 335 2901 Ep
349 2835 358 2902 ss
374 2839 407 2886 14
427 2833 503 2887 acuti
518 2852 540 2903 p
562 2839 571 2901 ΙΙ
595 2840 628 2887 16
653 2832 770 2888 subacto
789 2834 832 2904 Vl
848 2833 955 2888 illinire
974 2827 1090 2890 S¹TEG

98 2905 191 2974 lueys
207 2907 211 2972 1
227 2902 257 2956 in
275 2903 310 2956 iis
330 2921 418 2985 ccps,
438 2903 493 2958 isi
515 2908 524 2974 ΙΙ
547 2912 580 2958 17
601 2903 769 2986 admittatur
785 2904 946 2977 EGa'ocps
967 2907 971 2977 l
992 2915 1091 2975 percos

98 2976 506 3113 laulambffnsblml
521 2981 574 3102 a
600 2976 1020 3118 i¹llltlp1imteltblitlli
1038 2972 1085 3099 il
1085 3013 1093 3114 1,

99 3122 133 3169 20
163 3134 272 3171 cerossa
300 3118 404 3185 PLF,
433 3134 547 3172 caerosa
574 3065 609 3187 il,
642 3134 739 3172 cerusa
766 3119 892 3190 Eiacqs
918 3122 928 3190 ΙΙ
961 3126 993 3177 21
1024 3114 1093 3171 nocet

98 3206 174 3259 accc
