2378 3832
395 170 513 227 numu.
528 171 568 225 III
581 176 685 226 25-26
977 172 1040 238 109

30 341 130 404 quam
153 316 259 404 longi,
280 320 394 382 'uentre
418 322 450 382 et
474 317 623 382 clunibus
648 318 789 404 magnis,
812 323 920 383 rostro
940 317 1041 400 breui,

31 408 158 474 ceruice
176 407 341 492 glandulis
360 406 475 490 spissa,
496 405 673 490 libidinosi,
694 407 844 490 anniculi,
864 407 920 491 qui
938 428 1041 491 usque

33 497 72 562 ad
104 496 294 580 quadrimo·
327 495 408 559 inire
437 494 575 560 feminas
609 498 756 579 possunt.
809 495 931 561 scrofas
963 517 1041 560 uero

33 584 125 671 longi
152 585 265 649 lateris
293 584 446 648 debemus
475 584 594 669 eligere
621 589 655 648 et
679 585 796 668 quibus
820 585 861 649 ad
884 585 1042 650 sustinen-

36 676 111 741 dum
140 673 266 738 feturae
290 693 370 737 onus
395 693 532 756 magnus
556 694 590 737 se
612 678 727 738 uenter
750 674 906 758 effundat,
935 679 1042 739 cetera

35 762 184 830 nerribus
213 761 351 845 similes,
378 762 433 826 sed
460 763 495 825 in
522 762 710 848 regionibus
737 762 866 848 frigidis
894 763 986 828 densi
1009 768 1042 828 et
1065 765 1086 829 2

36 852 121 938 nigri
135 850 205 936 pili,
223 850 256 915 in
269 850 396 934 tepidis,
416 851 666 935 qualescumque
680 851 899 935 prouenerint.
922 851 1043 917 femina

38 941 77 1006 ad
108 940 283 1005 creandum
315 961 417 1024 usque
449 941 483 1003 in
516 962 617 1004 annos
651 945 774 1024 septem
804 945 917 1024 partus
946 963 1044 1006 onera

39 1033 165 1116 gestare
190 1028 343 1093 sufficiet:
371 1029 411 1093 ad
440 1028 685 1113 concipiendum
708 1029 857 1094 annicula
880 1030 976 1094 debet
998 1031 1044 1094 in-

39 1119 154 1204 cipere.
201 1120 317 1202 quarto
345 1122 496 1201 exempto
525 1139 634 1182 mense
657 1119 803 1201 pariunt,
830 1119 887 1182 ubi
911 1118 1043 1202 quintus

38 1207 161 1292 incipit.
208 1205 368 1291 incipiunt
391 1211 510 1289 autem,
535 1205 620 1271 siout
642 1207 716 1291 dixi,
741 1229 849 1272 mense
873 1207 1044 1290 februario,

39 1301 75 1361 ut
98 1292 307 1361 solidioribus
330 1294 441 1359 herbis
464 1295 533 1360 nati
557 1299 590 1360 et
614 1295 736 1379 stipula
759 1296 948 1361 succedente
971 1317 1045 1379 pas-

40 1389 162 1452 cantur.
216 1383 273 1448 ubi
304 1383 444 1449 facultas
476 1388 526 1448 est
557 1383 772 1470 transigendi,
803 1385 958 1469 uenditis,
990 1384 1046 1469 qui

40 1474 177 1540 subinde
200 1473 270 1537 nati
293 1477 379 1555 sunt,
402 1473 536 1537 celerior
560 1474 719 1538 matribus
742 1474 849 1538 fetura
867 1478 1044 1557 reparatur.

39 1585 142 1650 genus
166 1561 229 1626 hoc
252 1562 401 1626 omnibus
424 1561 504 1626 locis
527 1561 640 1626 haberi
662 1566 780 1647 potest,
802 1563 918 1627 melius
936 1566 1047 1628 tamen
1070 1564 1090 1630 3

40 1653 129 1738 agris
153 1650 355 1736 palustribus
379 1672 477 1736 quam
500 1651 604 1736 siccis,
626 1653 797 1737 praecipue
816 1651 872 1717 ubi
894 1651 1048 1717 arborum

40 1741 282 1808 fructuosarum
315 1739 399 1804 silua
431 1741 593 1824 subpetit,
630 1763 711 1824 quae
744 1742 878 1806 subinde
911 1743 1047 1806 maturis

40 1829 203 1895 fructibus
240 1827 365 1893 alterna
399 1850 458 1913 per
494 1851 614 1893 annum
651 1831 832 1895 mutatione
871 1835 1048 1896 succurrat.

41 1919 182 1984 maxime
204 1917 284 1983 locis
305 1919 500 2003 graminosis
520 1922 553 1982 et
572 1939 746 1983 cannarum
765 1918 818 1983 uel
836 1920 923 1985 iunci
941 1919 1048 1984 radice

37 2008 238 2073 nutriuntur.
285 2007 341 2072 sed
369 2006 594 2072 deficientibus
625 2007 788 2072 alimentis
821 2029 879 2091 per
907 2008 1048 2072 hiemem

36 2117 282 2180 nonnumquam
310 2096 494 2179 praebenda
522 2099 598 2160 sunt
624 2097 745 2180 pabula
772 2095 914 2180 glandis,
947 2101 1049 2161 casta·

37 2208 117 2250 neae
145 2184 200 2249 uel
227 2184 360 2269 frugum
388 2184 468 2248 uilia
495 2189 700 2249 excrementa
728 2187 920 2249 ceterarum:
947 2206 1049 2249 uerno

38 2274 156 2360 magis,
175 2295 248 2338 curn
266 2273 391 2338 lactent
409 2274 540 2338 nouella
557 2272 707 2358 uirentia,
726 2295 807 2357 quae
821 2273 928 2357 porcis
944 2273 1050 2337 solent

38 2385 165 2429 nocere.
202 2383 306 2446 neque
331 2361 494 2447 gregatim
518 2362 711 2426 claudendae
731 2366 807 2425 sunt
825 2383 942 2445 porcae
961 2383 1049 2426 more
1072 2365 1095 2428 4

40 2453 181 2517 aliarum
203 2452 371 2536 pecudum,
397 2451 453 2516 sed
476 2451 572 2515 haras
596 2451 656 2515 sub
680 2449 862 2534 porticibus
886 2450 1051 2537 faciemus,

40 2540 159 2625 quibus
184 2544 290 2604 mater
312 2561 523 2624 unaquaeque
544 2540 713 2606 claudatur
737 2543 770 2604 et
793 2539 960 2604 alumnum
979 2561 1051 2626 gre-

39 2651 117 2716 gem
150 2629 254 2693 tutior
286 2629 358 2713 ipsa
385 2629 537 2694 defendat
569 2652 588 2693 a
616 2627 752 2715 frigore:
795 2650 875 2712 quae
905 2629 1004 2694 harae
1033 2653 1052 2694 a

40 2717 203 2804 superiori
220 2721 313 2801 parte
333 2719 479 2783 detectae
494 2719 569 2803 sint,
588 2723 626 2782 ut
639 2718 741 2783 libere
756 2739 924 2782 numerum
939 2723 1052 2802 pastor

40 2807 189 2892 exploret
212 2812 246 2872 et
270 2807 434 2891 oppressis
456 2829 475 2869 a
499 2812 602 2872 matre
626 2806 747 2872 fetibus
766 2829 861 2891 saepe
881 2807 1052 2872 subueniat

114 3042 129 3088 1
151 3032 278 3087 cruribus
292 3035 304 3087 c'
317 3036 356 3103 112
375 3034 521 3104 grandulis
536 3036 569 3103 P,
589 3035 742 3105 grandulas
759 3038 787 3089 et
803 3035 834 3104 Q,
851 3034 1002 3104 glandibus
1017 3034 1052 3102 F,

42 3104 185 3177 grandula
203 3108 232 3159 et
250 3107 284 3174 c'l
307 3111 322 3159 3
342 3105 520 3173 quadrimum
538 3108 589 3176 Eu
612 3108 765 3174 letusque
785 3107 821 3160 ad
840 3107 891 3176 ΕΙΙ
915 3113 929 3159 7
949 3105 1054 3174 qualis-

42 3193 163 3246 cumque
182 3178 209 3231 L
234 3179 238 3246 Ι
280 3176 402 3230 eminam
420 3178 451 3230 F
475 3181 484 3247 ΙΙ
511 3184 527 3231 8
553 3177 589 3231 ad
608 3178 759 3231 creandum
777 3178 869 3232 incds
895 3179 904 3247 ll
933 3183 966 3229 10
985 3193 1054 3244 qua-

42 3252 107 3303 tuor
117 3249 148 3302 E
163 3249 167 3316 1
184 3248 350 3316 exempteG
365 3249 369 3317 Ι
385 3265 480 3302 mense
490 3265 539 3302 om.
551 3249 581 3301 Ε
593 3250 601 3317 ll
617 3255 648 3302 11
664 3248 781 3318 incipiet
794 3265 884 3304 ornnes
897 3252 906 3317 ss
921 3253 953 3300 13
963 3250 1055 3301 trans-

44 3317 157 3390 sigendi
176 3319 207 3385 V,
226 3318 384 3373 transiendi
403 3321 502 3389 ΡΜ),
521 3319 686 3373 transeundi
705 3321 749 3374 Fi
762 3323 771 3390 ll
790 3326 823 3373 14
841 3318 987 3388 proueniat
1002 3336 1055 3388 pro

43 3393 228 3461 reparaturp
248 3392 256 3459 Η
276 3396 309 3443 23
330 3390 489 3445 conlaotent
507 3393 534 3446 L
552 3394 561 3460 ΙΙ
580 3397 614 3443 24
633 3391 744 3461 gregati
765 3392 814 3460 Qll
833 3396 866 3443 25
886 3406 949 3443 aras
968 3391 1055 3460 PLQ

50 3462 140 3529 Vsu,
165 3477 244 3515 areas
263 3463 336 3588 Eg
356 3466 389 3515 27
413 3461 475 3531 ipsa
494 3463 589 3517 om.E
617 3465 621 3532 Ι
652 3478 716 3516 arae
736 3461 890 3532 PLQVS,
913 3478 930 3515 a
952 3478 981 3515 re
1003 3462 1029 3516 G
1046 3463 1065 3532 ll

46 3539 80 3586 29
98 3550 117 3584 a
132 3535 223 3585 matre
240 3549 289 3586 ona
