2378 3832
481 181 599 237 AGRIC.
613 182 627 235 I
641 188 657 236 6
1030 185 1071 247 11

55 329 194 414 efficies,
211 333 249 393 ut
268 329 446 413 aequaliter
464 329 518 393 uel
536 328 658 393 sterilis
674 329 770 414 gleba
784 350 858 393 oum
872 328 1070 395 fecunditate

56 419 245 484 contendat
287 417 403 483 Graeci
429 417 543 482 iubent
571 417 706 501 oliuam,
738 439 812 482 cum
841 418 1009 502 plantatur
1036 420 1125 483 et14

56 508 193 594 legitur,
217 529 236 572 a
258 507 387 572 mundis
410 507 520 591 pueris
544 510 642 590 atquc
659 506 843 591 uirginibus
863 507 1071 591 operandum,

58 598 173 680 oredo,
200 595 362 662 recordati
390 596 499 661 arbori
526 596 602 660 huic
631 617 701 661 esse
727 596 911 680 praesulem
940 596 1073 660 castita-

26 691 139 751 ⁵tem
175 685 308 750 nomina
330 685 568 749 frumentorum
590 684 788 768 superfluum
807 688 857 749 cst
874 685 1071 769 praecipere,

58 797 146 858 qnae
169 778 225 838 aut
248 774 320 839 loeo
340 774 475 838 subinde
495 777 552 838 aut
570 777 677 838 aetate
698 777 872 838 mutantur.
908 772 970 838 hoc
990 773 1070 838 satis

56 868 122 947 est,
145 866 184 927 ut
207 862 364 948 eligamus
388 862 562 947 praecipua
584 863 619 926 in
641 885 680 928 ea
702 862 843 947 regione,
868 884 967 946 quam
991 862 1071 927 coli-

56 975 145 1031 mus,
166 951 220 1016 uel
243 952 447 1035 exploremus
471 953 615 1017 aduecta.
653 951 784 1035 lupinus
808 955 841 1015 et
863 951 949 1016 uicia
971 953 1071 1035 pabu-

57 1040 155 1123 laris,
187 1043 215 1104 si
247 1039 367 1105 uirides
398 1041 605 1105 suecidantur
634 1044 668 1105 et
696 1040 810 1104 statim
837 1062 935 1124 supra
964 1045 1070 1105 sectas

10 1149 41 1187 ιο
59 1152 177 1194 eorum
198 1128 323 1194 radices
346 1134 469 1212 aretur,
493 1128 646 1193 stercoris
670 1128 882 1193 similitudine
906 1150 1002 1214 agros
1025 1130 1070 1192 fe

58 1219 217 1284 enudant:
240 1239 323 1301 quae
342 1217 371 1282 si
390 1240 429 1283 ex
448 1240 481 1282 se
501 1217 655 1300 aruerint,
679 1221 854 1302 antequam
870 1216 1070 1301 proscindas,

58 1309 98 1372 in
121 1305 172 1372 his
195 1311 300 1372 terrae
324 1328 420 1372 sucus
444 1306 598 1371 aufertur.
636 1327 714 1391 ager
737 1327 878 1390 aquosus
897 1306 971 1389 plus
991 1314 1069 1370 ster-

58 1396 148 1462 coris
171 1397 306 1480 quaerit,
329 1395 434 1461 siccus
458 1395 573 1460 minus.
616 1395 738 1479 calidis,
761 1393 943 1478 maritimis,
967 1394 1070 1478 siccis,
1082 1395 1124 1461 15

58 1484 195 1569 apricis,
222 1485 459 1569 campestribus
483 1484 564 1549 locis
589 1505 683 1548 omne
708 1507 788 1568 opus
811 1484 981 1549 uinearum
1004 1506 1069 1548 ma÷

10 1593 41 1631 1⁵
60 1573 169 1639 turius
190 1573 376 1657 inchoetur,
398 1573 541 1660 frigidis,
564 1573 819 1658 mediterraneis
842 1572 971 1655 umidis,
995 1595 1069 1657 opa-

58 1663 119 1747 cis,
141 1663 304 1728 montanis
327 1662 408 1728 locis
430 1662 567 1727 tardius:
594 1664 680 1746 quod
702 1685 768 1726 non
792 1663 898 1727 solum
921 1663 959 1727 de
983 1684 1069 1727 men-

58 1752 152 1816 sibus
180 1755 237 1816 aut
264 1751 377 1816 diebus
405 1751 554 1835 dixerim,
582 1751 639 1816 sed
667 1752 765 1815 etiam
791 1751 881 1815 horis
906 1751 1069 1835 operandi.

58 1862 157 1905 omne
176 1862 256 1924 opus
275 1841 443 1925 rusticum,
466 1861 538 1905 cum
558 1840 629 1904 fieri
648 1839 856 1925 praecipitur,
879 1861 983 1923 neque
1003 1840 1069 1905 cito

59 1935 126 2009 est,
158 1929 187 1993 si
219 1932 294 1994 ante
327 1930 511 2014 quindecim
543 1930 625 2011 dies,
659 1951 762 2013 neque
795 1929 901 2012 tarde,
934 1929 962 1993 si
995 1932 1070 2011 post

10 2037 42 2076 ao
60 2016 245 2102 quindecim
276 2019 344 2083 fiat.
393 2018 557 2083 frumenta
594 2018 704 2082 omnia
735 2018 874 2082 maxime
904 2017 1071 2082 laetantur

57 2107 188 2191 patenti
215 2129 329 2191 campo
357 2111 391 2172 et
416 2107 525 2172 soluto
548 2111 581 2171 et
604 2108 645 2171 ad
668 2107 771 2172 solem
792 2105 915 2171 reclini.
962 2106 1069 2189 spissa
1079 2106 1121 2170 16

58 2200 94 2260 et
119 2200 246 2261 cretosa
269 2201 300 2260 et
324 2197 435 2261 umida
458 2200 545 2260 terra
567 2197 648 2261 bone
667 2195 718 2259 far
737 2199 769 2259 et
788 2194 935 2259 triticum
953 2194 1068 2258 nutrit.

58 2285 217 2349 hordeum
245 2306 325 2370 agro
352 2286 461 2350 soluto
490 2285 670 2350 delectatur
696 2289 728 2349 et
752 2283 851 2348 sicco:
882 2281 1010 2347 namsi
1034 2283 1069 2347 in

58 2374 169 2438 lutoso
197 2378 383 2460 spargatur,
410 2374 609 2439 inmorietur.
651 2373 850 2437 trimenstris
876 2371 961 2437 satio
985 2372 1067 2437 locis

10 2482 40 2522 25
59 2461 199 2547 frigidis,
220 2463 344 2528 niuosis
366 2463 526 2546 conuenit,
549 2462 605 2526 ubi
625 2461 766 2545 qualitas
785 2462 920 2526 aestatis
939 2466 1070 2527 umecta

58 2554 121 2633 est,
143 2552 259 2617 ceteris
282 2574 356 2617 raro
379 2553 553 2636 respondet
578 2555 705 2616 euentu.
747 2573 858 2616 semen
880 2551 1068 2616 trimenstre
1104 2604 1107 2610 .

133 2766 147 2813 1
166 2760 287 2816 fecunda
307 2762 393 2832 Qacp
411 2765 420 2832 11
440 2768 457 2815 4
475 2763 620 2816 recordate
639 2763 680 2829 E,
703 2760 844 2815 recordari
863 2759 1069 2832 ilpraesulem

56 2846 121 2886 esse
141 2832 180 2900 G,
199 2832 360 2887 castitatem
377 2833 535 2902 praesulem
553 2833 584 2886 Ε
595 2836 605 2902 11
623 2837 639 2885 8
659 2835 709 2886 aut
727 2832 797 2901 cxpl.
813 2833 859 2902 Vll
872 2831 963 2885 uitiae
980 2831 1069 2900 pabu-

56 2903 132 2957 lares
153 2903 208 2972 ΩΤ
224 2906 233 2973 11
254 2910 286 2957 11
307 2904 331 2957 si
349 2903 509 2958 exaruerint
527 2904 662 2975 SEacps
677 2904 681 2975 1
696 2902 858 2973 proscindes
879 2903 926 2969 6¹,
945 2900 1069 2971 proscin-

56 2975 164 3028 dantur
176 2976 208 3028 E
220 2977 229 3045 11
244 2981 276 3028 12
295 2974 437 3029 auferetur
450 2976 481 3029 E
495 2976 499 3045 1
515 2975 557 3028 De
576 2991 624 3044 spe
643 2974 787 3029 vinearum
803 2976 882 3030 addit
897 2973 936 3028 G⁸
949 2975 982 3026 in
995 2990 1068 3026 rnor-

55 3047 121 3117 pine
138 3047 141 3114 1
159 3062 227 3116 ager
244 3064 293 3101 om.
310 3045 356 3116 1111
371 3052 404 3100 14
423 3063 492 3116 opus
507 3064 556 3100 om.
571 3046 614 3100 E¹
628 3049 637 3116 11
652 3052 684 3100 15
703 3046 852 3100 inchoatur
865 3046 896 3099 E
907 3047 915 3113 11
932 3050 963 3096 17
982 3042 1069 3096 etiam

56 3119 187 3172 ornittuat
208 3119 310 3173 codices
332 3124 357 3173 et
378 3120 402 3186 i,
427 3118 477 3172 sed
497 3116 598 3199 [etiam
617 3118 663 3189 de]
682 3117 759 3171 horis
779 3135 826 3187 cp,
850 3116 899 3169 sed
923 3114 1009 3168 etiam
1033 3114 1069 3168 de

57 3187 136 3242 horis
154 3205 191 3243 aa
208 3191 217 3257 11
241 3196 273 3243 19
293 3191 356 3258 post
374 3188 534 3257 quindeorm
553 3188 612 3243 dies
632 3190 729 3244 VS¹E
755 3192 764 3258 11
791 3195 823 3241 21
843 3185 948 3240 recliuo
967 3186 1004 3253 E,
1023 3202 1068 3239 re-

57 3259 127 3312 eliui
145 3261 238 3330 iacps
260 3262 269 3328 11
292 3265 325 3313 23
350 3277 417 3330 agro
441 3278 490 3315 om.
510 3261 612 3315 codices
631 3268 655 3315 et
673 3262 684 3312 t
700 3263 703 3330 1
720 3258 750 3313 in
768 3260 859 3313 lutoso
879 3275 947 3327 agro
966 3259 1069 3312 codices

56 3337 83 3385 ct
101 3333 136 3402 11
150 3335 185 3382 24
203 3330 345 3402 spargitur
360 3333 391 3399 T,
410 3349 476 3386 nam
495 3332 524 3385 in
542 3331 634 3386 lutoso
654 3348 781 3401 sparsum
800 3349 817 3384 a
833 3331 837 3401 1
853 3328 1019 3383 inmorietur
1036 3330 1068 3398 Q,

57 3401 233 3456 immorietur
246 3403 308 3470 SE,
326 3402 461 3456 morietur
474 3405 529 3457 VT
535 3403 588 3471 Gt,
607 3402 764 3456 immoritur
778 3402 813 3469 F,
832 3400 950 3454 moritur
968 3418 1046 3470 ceps
1062 3400 1070 3470 1

57 3472 208 3527 trimestris
227 3492 303 3543 ceps
319 3477 330 3543 11
349 3481 382 3528 25
405 3474 515 3530 rubosis
536 3474 572 3546 Q,
594 3473 723 3531 humosis
743 3474 783 3545 F,
800 3473 866 3548 &etl
880 3472 995 3527 niuosis
1014 3487 1072 3538 cus

54 3547 86 3594 et
99 3544 206 3597 niuosis
223 3548 268 3614 α11
279 3552 312 3599 26
333 3546 476 3605 trimestre
496 3568 577 3624 acas
