2378 3832
315 148 318 167 ¹
419 179 589 234 laurum
604 186 719 249 19-23,
1023 182 1066 246 93

57 331 216 409 maturas,
240 348 378 410 quarum
401 329 511 391 tamen
533 326 706 390 maturitas
730 348 769 390 ex
792 327 899 391 colore
922 327 1013 392 fusco
1034 332 1067 392 et
1121 329 1129 348 ‘

57 415 199 480 mollitie
222 415 344 499 poterit
368 415 544 479 aestimari.
581 413 610 479 si
633 436 697 499 qua
720 415 819 479 etiam
838 420 914 480 sunt
933 417 1067 499 antiqua
1090 418 1111 481 2

56 505 193 588 rosaria,
211 504 274 568 hoc
291 507 439 588 tempore
457 503 748 568 circumfodiuntur
762 505 898 569 sareulis
912 505 965 569 uel
980 505 1068 569 dola-

56 593 128 658 bris
152 596 186 657 et
210 592 342 657 ariditas
365 593 518 656 uniuersa
539 591 702 671 reciditur,
738 615 823 658 nunc
842 597 875 657 et
895 615 975 676 quae
994 617 1068 658 rara

33 686 152 766 ssunt,
173 686 312 766 possunt
335 681 432 746 ducta
454 680 622 766 uirgarum
644 683 823 766 propagine
846 683 998 766 reparari.
1040 684 1068 748 si

58 792 171 836 rosam
199 770 376 853 temperius
404 770 524 834 habere
551 769 706 853 uolueris,
730 770 855 835 duobus
881 771 1000 855 palmis
1026 773 1067 837 ab

58 882 98 924 aa
128 881 247 945 gyrum
277 858 380 922 fodies
408 863 442 922 et
471 881 555 943 aqua
582 858 687 922 calida
715 859 766 923 bis
794 859 918 944 rigabis
945 861 980 925 in
1008 862 1068 926 die.

56 970 144 1012 nunc
167 952 201 1012 et
224 946 367 1011 liliorum
388 946 507 1010 bulbos
525 969 681 1031 ponemus
700 948 753 1012 uel
771 947 842 1012 lilia
861 950 1068 1014 antehabita
1091 950 1112 1015 3

58 1037 217 1101 sariemus
247 1057 373 1100 summa
401 1035 584 1121 diligentia,
610 1059 651 1100 ne
680 1036 791 1101 oculos
817 1037 904 1103 circa
926 1038 1068 1104 radicem

18 1129 230 1191 renascentes
250 1128 283 1188 et
304 1124 446 1188 minores
466 1125 619 1189 bulbulos
639 1126 829 1209 sauciemus,
853 1127 907 1209 qui
926 1150 946 1190 a
964 1130 1067 1191 matre

60 1214 224 1279 subtracti
252 1217 349 1296 atque
376 1213 411 1277 in
439 1213 521 1278 alios
549 1214 668 1300 digesti
697 1215 824 1278 ordines
851 1236 937 1279 noua
964 1214 1069 1280 liliata

59 1302 257 1367 formabunt.
279 1302 358 1367 item
371 1302 532 1367 uiolarum
546 1303 676 1385 plantae
691 1307 724 1367 et
739 1303 825 1369 croci
836 1304 929 1377 bulbi
942 1305 1069 1368 serendi

60 1396 138 1456 sunt
161 1392 215 1457 uel
240 1390 419 1475 subtiliter,
443 1391 471 1456 si
493 1392 624 1456 fuerant
647 1396 735 1476 ante,
758 1392 909 1457 fodiendi.

261 1621 321 1686 DE
344 1621 438 1687 LINI
462 1621 629 1688 SEMINE
655 1621 873 1689 SERENDO.
948 1666 955 1678 ·

19 1773 45 1814 15
126 1746 201 1813 Hoc
232 1769 341 1812 mense
374 1746 475 1829 aliqui
506 1746 566 1811 lini
594 1769 704 1811 semen
731 1748 817 1814 laeto
847 1749 956 1814 solo
947 1772 981 1812 1n
1026 1747 1124 1814 XXII

59 1838 211 1923 iugerum
233 1836 344 1901 decem
366 1834 491 1900 modios
513 1840 672 1921 spargunt
690 1841 724 1900 et
742 1837 809 1901 lina
828 1843 1069 1922 consequuntur

60 1925 166 1992 exilia.

91 2138 151 2203 DE
177 2136 400 2204 OANNETIS
424 2137 481 2201 ΕΤ
504 2135 750 2203 ASPARAGIS
773 2137 830 2201 ΕΤ
852 2136 1040 2202 PLANTIS

281 2242 474 2309 SALIOVM
498 2243 585 2309 Vna
610 2240 854 2309 GENESTAE.

20 2398 48 2437 so
129 2369 289 2454 Tempore
320 2369 383 2434 hoc
415 2373 552 2434 canneta
583 2367 732 2452 ponenda
764 2372 841 2432 sunt
867 2368 964 2433 factis
1010 2368 1123 2433 XXIII

62 2458 266 2525 breuissimis
295 2457 463 2522 scrobibus
492 2463 525 2522 et
553 2456 655 2522 oculis
683 2478 858 2521 cannarum
882 2480 940 2541 per
963 2457 1071 2544 singu-

62 2549 112 2613 las
136 2549 268 2613 scrobes
292 2547 434 2630 obrutis,
458 2547 514 2630 qui
537 2545 709 2629 semipedis
734 2546 840 2629 spatio
863 2546 950 2611 inter
973 2569 1007 2611 se
1025 2548 1071 2612 di-

64 2642 152 2703 stare
175 2636 348 2701 debebunt.
385 2636 413 2700 si
437 2635 558 2700 calidae
582 2639 615 2699 et
638 2634 740 2699 siccae
759 2635 945 2719 prouinciae
965 2636 1071 2700 stude-

64 2748 151 2810 mus,
182 2725 286 2790 ualles
318 2724 445 2789 umidas
477 2724 529 2789 uel
556 2723 702 2808 inriguas
731 2745 811 2808 opus
840 2728 889 2788 est
917 2723 1070 2808 deputare

23 2840 49 2881 25
64 2817 225 2880 cannetis:
245 2813 274 2879 si
291 2813 412 2899 frigida
430 2813 520 2898 regio
540 2815 597 2895 est,
615 2811 697 2877 Iocis
716 2812 829 2876 mediis
848 2812 1071 2898 instituantur,

63 2904 120 2969 sed
149 2925 226 2968 suco
254 2902 408 2967 uillarum
436 2901 582 2966 subditis
628 2901 713 2965 inter
735 2902 815 2966 haec
839 2922 1071 2986 asparagorum

136 3118 152 3165 3
170 3113 224 3166 hoc
241 3129 373 3194 mensep
393 3114 397 3183 Ι
422 3111 567 3193 fodiuntur
586 3110 703 3165 surculis
724 3111 750 3166 G
772 3115 781 3180 1
808 3116 824 3164 4
843 3111 951 3164 rec1da
952 3129 985 3163 ur
1005 3111 1044 3180 Qt

63 3191 79 3239 6
99 3184 193 3238 habea
213 3184 291 3253 Gsst
310 3183 421 3254 guirum
440 3182 566 3253 Paos
559 3201 588 3235 m
607 3200 707 3252 gyrum
723 3183 799 3250 Gla,
819 3181 872 3253 [in]
891 3200 991 3252 gyrum
1009 3200 1044 3252 cy

63 3262 80 3310 8
105 3255 198 3309 bullos
221 3255 251 3308 Ε
281 3258 290 3325 11
322 3261 337 3308 9
362 3271 513 3308 summa—
525 3253 681 3308 sauciemus
704 3271 754 3308 om
774 3255 804 3307 Ε
834 3255 843 3321 11
876 3259 909 3307 10
938 3269 955 3306 a
981 3257 1071 3308 matre

62 3326 113 3396 qui
132 3327 163 3380 E
188 3329 197 3396 11
225 3332 258 3380 12
281 3325 402 3380 rocibuli
420 3327 450 3379 E
475 3328 484 3395 11
513 3331 546 3379 13
570 3328 598 3379 et
617 3342 669 3393 pro
693 3325 738 3378 uel
759 3343 780 3393 p
806 3326 815 3393 11
848 3330 881 3377 14
903 3324 1048 3378 LINTIV
1021 3325 1072 3398 1Ῑ11

64 3405 99 3452 15
118 3397 195 3452 lento
214 3397 545 3467 Ε1116111011111111117
565 3396 707 3465 exaliaQ,
727 3413 777 3450 om
792 3397 823 3449 E
835 3398 843 3464 11
859 3401 892 3450 18
911 3399 940 3450 et
958 3413 1071 3466 aspara-

63 3469 109 3539 gis
128 3470 205 3523 om.i
229 3471 233 3540 1
257 3467 433 3523 ASPARGIS
453 3470 479 3522 L
502 3470 510 3539 11
536 3475 567 3522 19
592 3471 620 3522 et
639 3484 730 3540 gene
751 3470 766 3538 1
784 3473 820 3521 ‘l‘l
837 3467 1010 3538 semispedxs
1027 3469 1093 3535 (111

63 3547 99 3594 23
118 3540 224 3592 debunt
243 3541 268 3609 θ
276 3541 289 3612 1
300 3543 368 3595 sunt
387 3543 415 3596 et
436 3541 532 3614 (11126
553 3540 782 3600 sed-sudetis
801 3557 890 3611 orado
