2378 3832
442 182 560 237 AGRIC.
575 183 614 237 XI
629 189 733 237 19-23
781 204 784 211 *
1025 183 1090 248 231

414 382 472 447 DE
497 380 590 446 VVA
614 381 761 448 PASSA.

148 506 255 571 Vnam
273 529 402 592 passam
417 528 566 592 graecam
584 506 630 571 sic
644 507 754 572 facies.
778 507 921 572 melioris
936 507 1021 572 acini
1048 504 1144 571 XXII

82 601 115 661 et
143 596 245 660 dulcis
274 601 307 660 et
335 596 435 661 lucidi
463 596 639 681 botryones
667 596 702 660 in
730 596 802 681 ipsa
829 596 897 661 uite
922 596 1090 682 torquebis

82 691 115 750 et
139 685 272 768 patieris
297 688 412 769 sponte
436 706 644 768 marcescere,
667 684 781 749 deinde
801 686 947 750 sublatos
970 685 1006 750 in
1024 707 1091 749 um-

55 776 140 840 sbra
155 773 330 858 suspendes
346 779 378 841 et
395 796 493 838 uuam
507 772 697 838 destrictam
717 795 790 838 cum
807 796 908 857 pones
927 774 962 838 in
980 796 1092 838 uascu-

79 865 130 947 Iis,
150 865 337 928 substernes
352 861 522 947 pampinos
538 863 624 927 sicco
640 863 751 947 algore
770 861 926 947 frigentes
946 867 979 927 et
993 886 1092 928 manu

81 952 265 1036 comprimes
280 955 321 1036 et,
344 952 401 1016 ubi
420 973 479 1015 uas
497 951 682 1035 inpleueris,
704 951 784 1015 item
803 951 973 1036 pampinos
994 952 1090 1016 addes

79 1041 184 1106 nihilo
211 1040 319 1105 minus
345 1062 412 1105 non
440 1039 582 1104 calentes
611 1045 645 1104 et
672 1039 877 1124 operculabis
906 1062 943 1105 ac
966 1044 1092 1105 statues

80 1129 116 1193 in
137 1131 210 1194 loco
233 1129 353 1214 frigido
378 1130 472 1212 steen,
496 1150 592 1212 quem
614 1129 723 1193 nullus
746 1128 854 1193 fumus
878 1128 1021 1196 infestet.

42 1385 67 1426 n
473 1359 533 1424 Du
557 1357 701 1424 HORIS.

149 1482 290 1586 October
313 1484 468 1549 martium
492 1482 655 1548 similibus
679 1483 802 1547 umbris
827 1482 890 1546 sibi
913 1482 991 1547 fecit
1031 1481 1144 1548 XXIII

81 1596 223 1658 aequari.

277 1697 369 1762 Hora
522 1697 539 1761 Ι
569 1780 570 1784 ¹
619 1696 717 1780 pedes
790 1694 897 1779 XXV,

276 1786 358 1851 hora
507 1786 539 1850 II
619 1787 717 1870 pedes
821 1784 898 1868 XV,

43 1900 67 1941 ιε
276 1874 358 1941 hora
490 1875 540 1939 III
619 1874 717 1959 pedes
838 1872 899 1959 XI,

277 1963 358 2028 hora
471 1963 540 2028 IIII
620 1964 717 2047 pedes
804 1961 898 2046 VIII,

277 2053 358 2117 hora
509 2050 539 2116 V
620 2052 717 2135 pedes
836 2049 898 2133 VI,

276 2140 358 2206 hora
491 2140 538 2204 Vl
620 2140 717 2223 pedes
854 2137 897 2220 V,

276 2229 358 2294 hora
475 2228 540 2293 VII
620 2228 717 2312 pedes
836 2225 899 2311 VI,

276 2318 359 2383 hora
458 2317 539 2382 VIII
619 2317 717 2401 pedes
803 2314 897 2397 VIII,

277 2409 359 2473 hora
439 2406 539 2471 VIIII
619 2405 717 2489 pedes
837 2403 898 2488 XI,

277 2496 359 2561 hora
509 2495 538 2559 X
619 2494 717 2579 pedes
821 2492 898 2578 XV,

276 2585 359 2650 hora
491 2583 539 2649 XI
619 2583 716 2668 pedes
794 2581 897 2646 XXV.

138 2766 153 2813 3
169 2777 202 2813 ec
215 2759 303 2813 Incidi
318 2760 373 2815 SE
387 2762 391 2828 Ι
408 2758 549 2813 botrioncs
565 2759 648 2814 VSE
663 2759 666 2828 t
683 2756 780 2811 uitaL
793 2758 803 2826 V
817 2756 972 2810 inarescere
983 2755 1091 2829 iacpsl

82 2831 243 2885 inumbram
266 2831 342 2901 Vnt
362 2829 508 2900 suspendis
527 2847 617 2885 coenes
633 2838 636 2893 Ι
653 2827 812 2882 districtam
830 2828 886 2882 SE
891 2828 1009 2894 TFGi,
1029 2843 1093 2880 con·

82 2902 212 2957 strictam
231 2919 307 2972 ceps
329 2905 333 2974 Ι
356 2900 490 2971 conponis
509 2902 566 2955 PL
576 2900 709 2968 VGTF,
736 2899 878 2980 componis
897 2899 1006 2967 SEps,
1030 2914 1094 2951 cum

81 2974 164 3045 ponis
183 2975 258 3055 iacp
271 2979 310 3044 ut
330 2972 484 3027 substernis
504 2989 593 3027 omnes
606 2975 616 3041 ΙΙ
635 2977 649 3024 7
670 2969 820 3040 conprimrs
839 2967 1020 3042 (comprimis)
1039 2985 1093 3022 om·
1131 2981 1134 2985 ’

81 3064 129 3100 nes
155 3047 158 3116 t
185 3045 266 3098 addis
285 3061 374 3100 ocrem
392 3047 401 3114 V
425 3051 456 3097 11
477 3043 599 3098 octobris
618 3043 649 3096 E
676 3045 680 3112 Ι
714 3041 790 3096 horis
809 3043 839 3095 Ε
860 3044 869 3110 ΙΙ
893 3047 926 3095 14
944 3040 1032 3094 hebet
1050 3040 1093 3093 tc-

81 3118 148 3172 acrit
167 3118 197 3170 Ε
209 3119 218 3186 {t
235 3123 265 3170 15
284 3117 370 3185 pedes
389 3115 453 3168 XIII
473 3116 521 3184 Gt}
537 3120 569 3167 17
588 3115 674 3183 pedes
693 3114 718 3166 V
739 3114 786 3181 Gt
802 3119 833 3166 18
852 3112 937 3181 pedes
957 3111 995 3163 VI
1014 3110 1041 3165 G

483 3333 695 3341 “—
