2378 3832
124 157 186 222 128
533 154 713 211 'PALLADE

121 303 310 390 prouiderit,
332 325 372 368 ne
391 325 489 388 poma
506 304 680 368 findantur.
717 305 902 387 curandum,
920 325 962 368 ne
984 304 1136 390 uirgulta

122 397 253 458 inuersa
284 392 435 476 deponas.
482 394 655 457 creduntur
687 393 779 457 acida
804 392 890 477 fieri,
921 392 951 456 si
982 393 1136 479 rigentur

123 482 268 548 adsidue:
296 504 372 546 nam
399 481 528 546 siccitas
556 482 591 545 in
617 481 669 545 his
698 485 732 546 et
759 481 956 547 suauitatem
983 487 1137 566 praestat

124 575 157 658 et
176 570 312 654 copiam.
346 570 435 636 cuius
454 573 565 634 tamen
582 569 744 634 nimietati
764 569 885 654 aliquid
900 571 996 636 debet
1010 571 1135 637 umoris

80 662 101 726 3
126 659 255 743 obponi.
292 658 482 724 circumfodi
505 663 660 724 autumno
680 659 776 724 debet
794 663 829 723 et
845 679 956 724 uerno.
993 660 1024 725 si
1043 660 1136 725 acida
1159 685 1170 726 s

124 754 309 832 nascuntur,
323 748 486 814 modicum
500 748 615 812 laseris
630 770 704 813 cum
717 749 794 812 uino
809 748 926 813 tritum
934 770 995 832 per
1007 771 1136 814 summa

125 837 251 902 arboris
281 837 447 901 cacumina
475 839 605 921 oportet
632 837 759 901 infundi
781 837 834 902 uel
858 837 1063 921 ablaqueatis
1087 860 1134 902 ra·

126 926 251 991 dicibus
267 927 359 991 tedae
374 926 485 991 clauus
495 925 596 1011 infigi.
621 925 677 990 alii
692 925 801 1012 algam
815 926 974 991 marinam
990 927 1134 993 obruunt

126 1016 165 1080 ad
184 1014 317 1100 radices,
336 1015 388 1082 cui
401 1014 550 1080 nonnulli
565 1018 688 1080 stercus
704 1015 843 1080 miscent
856 1015 1022 1080 asininum
1035 1019 1134 1101 atque

125 1104 303 1189 porcinum.
350 1104 378 1168 si
405 1104 518 1168 florem
545 1125 611 1167 non
639 1101 798 1188 continet,
829 1103 957 1168 urinam
987 1108 1133 1170 ueterem
1146 1129 1166 1169 ιο

126 1216 200 1259 cum
226 1193 299 1278 pari
326 1214 477 1257 mensura
505 1214 607 1276 aquae
634 1192 830 1276 temperabis
863 1197 897 1257 et
923 1214 982 1276 per
1013 1216 1132 1258 annum

126 1283 159 1347 in
187 1283 350 1347 radicibus
378 1281 501 1346 fundes.
547 1282 604 1345 uni
631 1282 741 1346 arbori
767 1280 894 1346 amfora
915 1281 1047 1367 ingesta
1070 1282 1132 1348 suf·

126 1372 223 1437 ficiet.
263 1371 316 1436 uel
340 1393 505 1436 amurcam
528 1370 639 1435 mittes
662 1369 820 1435 insulsam
842 1369 896 1435 uel
919 1371 1030 1456 algam
1053 1371 1133 1436 radi-

127 1461 218 1524 cibus
255 1461 369 1545 iunges
407 1463 440 1523 et
472 1459 523 1523 bis
556 1459 679 1545 rigabis
712 1458 748 1523 in
779 1481 889 1524 mense
921 1460 975 1524 uel
1007 1460 1132 1525 arboris

126 1549 274 1613 florentis
302 1551 453 1613 truncum
480 1548 633 1631 plumbeo
661 1546 782 1613 circulo
810 1547 942 1613 debebis
970 1548 1162 1614 includeres

82 1640 106 1702 4
127 1637 180 1701 uel
205 1637 292 1701 corio
319 1636 433 1722 anguis
453 1636 628 1702 inuoluere.
665 1637 694 1701 si
713 1641 847 1720 crepant
864 1658 970 1722 poma,
994 1638 1134 1722 lapidem

128 1726 163 1789 in
191 1724 297 1790 media
327 1725 451 1789 arboris
480 1724 587 1790 radice
615 1724 771 1810 subponis
797 1724 849 1790 uel
873 1726 1028 1809 squillam
1051 1727 1135 1792 circa

129 1813 277 1878 arborem
301 1812 391 1878 reris.
437 1813 534 1896 etsi,
558 1814 634 1878 dum
656 1815 798 1898 pendent
820 1836 931 1899 poma,
957 1815 1135 1895 tenacibus,

128 1903 213 1968 sicut
236 1903 271 1967 in
294 1903 410 1967 arbore
432 1903 601 1987 habentur,
625 1902 806 1985 intorseris,
828 1902 863 1967 in
885 1907 993 1968 totum
1016 1926 1135 1970 annum

129 1992 197 2057 sine
235 1991 441 2076 corruptione
478 1996 658 2057 seruantur.
706 1992 735 2057 si
771 1991 936 2056 uermibus
973 1993 1135 2076 laborant,
1148 2011 1185 2056 so

129 2080 237 2167 tangis
270 2080 394 2146 radices
426 2080 501 2145 felle
533 2080 657 2146 bubulo
690 2084 723 2145 et
748 2079 908 2147 'continuo
938 2082 1135 2147 moriuntur:

130 2174 187 2235 aut
214 2171 307 2236 clauo
336 2192 435 2236 aeneo
464 2170 492 2234 si
520 2191 646 2234 uermes
677 2171 806 2234 eosdem
837 2191 971 2255 purges,
1004 2170 1135 2236 difficile

129 2263 316 2325 nascentur:
348 2260 400 2323 uel
434 2258 518 2323 asini
544 2261 638 2323 urina
666 2259 802 2324 stercori
831 2257 975 2323 admixta
1001 2260 1135 2344 porcino

129 2349 297 2413 uermibus
317 2347 473 2413 obuiabit.
506 2348 587 2413 cinis
607 2369 680 2412 cum
698 2345 806 2411 lexiuo
826 2348 911 2413 circa
924 2348 1036 2431 punici
1050 2352 1136 2413 trun-

131 2459 204 2501 cum
231 2437 417 2520 frequenter
443 2436 570 2501 infusus
598 2437 683 2500 laeta
709 2440 742 2500 et
764 2436 931 2501 fructuosa
953 2437 1067 2502 reddet
1090 2459 1136 2502 ar·
1149 2451 1180 2500 2⁵

86 2526 236 2593 bbusta.
282 2525 402 2589 adserit
430 2525 589 2590 Martialis
621 2524 756 2590 candida
785 2525 820 2588 in
848 2525 899 2589 his
928 2545 1032 2611 grana
1058 2526 1136 2610 fieri,

131 2613 158 2678 si
187 2613 322 2699 argillae
350 2618 383 2678 et
411 2618 517 2679 cretae
546 2620 696 2698 quartam
723 2618 851 2698 partem
878 2614 975 2700 gypsi
1000 2614 1137 2681 misceas

131 2706 164 2766 et
192 2706 263 2767 toto
293 2702 433 2767 triennio
461 2703 523 2768 hoc
551 2724 653 2788 genus
677 2706 782 2767 terrae
806 2703 969 2768 radicibus
993 2704 1063 2769 eius
1087 2704 1139 2769 ad-

131 2792 256 2877 iungas.
302 2791 387 2857 idem
415 2791 494 2856 dicit
520 2793 621 2856 mirae
644 2791 879 2877 magnitudinis
905 2792 990 2877 fieri,
1018 2793 1047 2857 si
1076 2792 1139 2858 olla

204 3026 217 3073 1
237 3019 386 3089 prouideat
404 3019 435 3072 E
457 3021 462 3087 1
486 3018 641 3073 fundantur
658 3021 684 3073 L
710 3020 714 3092 1
739 3018 889 3090 uirgulaq
915 3022 925 3089 11
952 3023 1142 3075 enascantur

133 3091 322 3161 QEFc'ccqs
335 3093 374 3160 117
394 3093 423 3144 et
442 3089 549 3144 arboris
568 3092 648 3160 Ε118
668 3090 764 3144 clauos
782 3092 834 3160 El!
850 3097 881 3144 11
902 3090 1027 3161 compari
1046 3092 1093 3146 Lc
1121 3094 1145 3217 11

133 3168 165 3215 12
189 3161 321 3215 infundes
340 3164 432 3232 icccc
454 3164 464 3231 11
488 3167 520 3214 13
545 3178 690 3232 amurgam
709 3162 737 3215 P
759 3163 764 3234 1
788 3161 879 3216 mittis
898 3162 1081 3231 PLQVGS
1105 3164 1115 3183 ¹

42 3244 49 3256 ·
132 3234 199 3287 Fa'c
222 3238 231 3303 11
255 3239 287 3286 15
306 3232 469 3286 florentibus
490 3233 513 3302 Q
538 3235 542 3302 1
567 3233 653 3286 debes
671 3233 702 3287 E
722 3235 731 3302 11
756 3238 788 3286 18
808 3235 838 3288 et
855 3232 879 3287 si
897 3232 1000 3302 quibus
1018 3234 1145 3304 pendent

132 3320 216 3373 poma
233 3304 381 3358 tenacibus
399 3306 435 3374 311
459 3309 492 3356 20
512 3303 637 3358 seruabis
656 3305 749 3374 iacqs
767 3306 776 3372 ΙΙ
797 3311 829 3358 21
849 3303 949 3358 bubuli
968 3305 999 3358 E
1011 3307 1020 3374 11
1039 3311 1073 3358 22
1094 3307 1146 3360 aut

133 3375 290 3428 ——arbusta
303 3393 352 3430 om.
364 3393 386 3443 p
400 3377 409 3444 11
423 3381 456 3428 23
471 3374 560 3428 mixta
573 3376 604 3429 E
615 3377 624 3445 11
639 3380 673 3428 24
691 3374 821 3429 obuiauit
837 3375 860 3445 Q
895 3374 994 3429 lixiuio
1009 3375 1124 3448 Eacqa
1136 3378 1146 3448 11

119 3451 167 3565 fito
180 3445 280 3525 'reddit
298 3447 424 3517 Elaeos
445 3449 455 3516 11
478 3452 512 3500 26
532 3445 658 3500 Asseruit
676 3446 707 3500 E
727 3448 737 3515 11
760 3452 792 3500 27
813 3463 843 3500 ar
866 3445 914 3501 'la
934 3446 983 3516 61
1007 3452 1040 3502 29
1060 3464 1148 3517 poma

141 3531 181 3567 err
198 3534 216 3569 a
