2378 3832
454 199 719 254 aduraim-aa
1054 201 1097 265 29

72 346 199 411 tertius
222 345 322 410 trium
344 345 397 409 uel
421 345 558 410 duorum
577 367 646 410 esse
666 344 844 410 consueuit.
881 346 937 410 sed
956 346 1088 429 electae,

74 437 107 500 si
130 436 197 500 hoc
219 435 386 519 placuerit,
407 434 550 499 nutrices
574 433 715 519 gallinae
739 434 813 518 sint,
837 455 919 518 quae
944 458 963 498 a
984 435 1091 518 primo

75 527 282 589 incremento
310 524 405 587 lunae
432 544 550 587 nouem
578 523 692 587 diebus
720 522 863 587 habeant
886 545 1006 588 nouem
1030 545 1092 587 oua

77 613 266 697 subposita,
299 612 441 696 quinque
473 613 636 695 pauonina
669 615 702 675 et
734 615 841 676 cetera
875 613 925 676 sui
954 614 1093 696 generis.

43 730 60 770 s
78 702 208 766 decima
226 702 276 766 die
296 700 405 765 omnia
424 701 603 786 gallinacea
622 700 859 765 subtrahantur
878 705 911 765 et
930 702 993 765 alia
1010 703 1091 766 item
1115 703 1137 766 4

79 791 263 875 gallinacea
285 790 423 854 totidem
446 790 588 854 recentia
610 790 850 873 subponantur,
877 795 957 874 quot
981 792 1093 854 ablata

80 882 175 963 sunt,
206 883 244 944 ut
274 879 439 944 tricesima
470 879 563 962 luna,
595 879 658 943 hoc
691 882 756 959 est,
789 877 926 962 expletis
958 879 1098 964 triginta

80 969 208 1046 diebus,
226 967 354 1051 possint
374 990 447 1032 cum
465 967 637 1050 pauoninis
658 969 729 1032 ouis
749 967 876 1050 aperiri.
909 989 972 1032 oua
987 973 1097 1034 autem

81 1079 261 1140 pauonum,
295 1078 376 1140 quae
409 1057 548 1142 gallinae
577 1056 725 1121 subiecta
752 1060 843 1137 sunt,
876 1078 971 1140 saepe
1000 1079 1098 1121 manu

35 1174 66 1213 ιο
85 1148 328 1227 conuertantur,
352 1145 428 1229 quia
449 1144 512 1210 hoe
536 1146 607 1229 ipsa
628 1144 734 1210 facere
753 1146 809 1210 uix
828 1145 962 1209 ualebit.
998 1168 1098 1210 unam

83 1238 213 1319 partem
236 1235 290 1299 oui
311 1235 451 1318 notabis,
476 1237 514 1298 ut
537 1237 569 1298 te
594 1235 729 1298 subinde
755 1234 955 1298 conuertisse
980 1255 1098 1318 cogno-

85 1345 168 1397 scas.
213 1324 350 1388 maiores
381 1327 491 1388 tamen
522 1323 662 1407 gallinas
693 1326 824 1406 oportet
855 1322 988 1407 eligere:
1021 1346 1098 1387 nam

85 1412 267 1477 minoribus
284 1412 438 1496 pauciora
457 1413 628 1496 subpones.
660 1416 755 1476 natos
777 1412 804 1475 si
824 1413 976 1476 adunam
991 1416 1098 1476 trans·
1123 1415 1143 1477 ὁ

84 1500 171 1566 ferre
204 1523 223 1564 a
253 1502 402 1585 pluribus
434 1501 529 1584 uelis,
561 1501 641 1565 dicit
674 1500 857 1567 Columella
888 1502 946 1565 uni
977 1500 1098 1565 nutrici

37 1618 68 1657 15
85 1589 208 1675 uiginti
236 1590 376 1674 quinque
405 1590 583 1665 sufficeret
599 1591 679 1654 mihi
708 1611 802 1666 uere,
831 1595 868 1655 ut
896 1590 978 1655 bene
1007 1591 1099 1655 educi

87 1679 226 1764 possint,
247 1679 399 1743 uidentur
422 1679 605 1763 quindecim
629 1679 709 1744 satis
732 1701 811 1745 esse.
849 1678 965 1763 primis
984 1681 1098 1745 diebus

85 1767 140 1832 far
165 1767 279 1832 hordei
307 1789 516 1851 conspersum
544 1766 620 1833 uino
644 1769 743 1852 pullis
768 1769 976 1833 dabiturne]
1000 1771 1099 1833 unde-

87 1877 226 1940 cumque
250 1860 342 1922 coeta
363 1855 522 1940 pulticula
546 1862 579 1921 et
601 1857 802 1943 refrigerata.
844 1863 962 1942 postea
984 1858 1098 1922 adicie-

87 1949 146 2009 tur
167 1967 301 2029 porrum
320 1946 485 2010 concisum
503 1946 556 2009 uel
575 1968 687 2010 caseus
708 1968 819 2011 recens
838 1948 894 2011 sed
914 1968 1098 2030 expressus:

35 2063 70 2102 ao
86 2057 167 2098 nam
194 2056 301 2098 serum
321 2034 420 2118 pullis
443 2037 548 2099 nocet.
589 2035 734 2099 locustae
759 2035 859 2099 etiam
883 2036 1020 2118 pedibus
1045 2035 1099 2098 ab·

86 2122 167 2187 latis
190 2123 393 2207 praebentur.
433 2124 482 2187 ita
504 2124 655 2206 pascendi
679 2127 755 2187 sunt
778 2145 881 2207 usque
906 2124 946 2187 ad
970 2126 1098 2186 sextum
1122 2126 1141 2189 6

86 2233 242 2276 mensem.
274 2212 387 2276 deinde
406 2211 563 2277 hordeum
582 2212 705 2296 poteris
724 2211 879 2296 praebere
899 2210 1097 2275 solemniter.

85 2301 254 2365 tricesimo
283 2301 396 2384 quinto
424 2305 534 2364 tamen
561 2301 625 2384 die,
652 2306 829 2385 postquam
852 2298 922 2364 nati
946 2304 1035 2384 sunt,
1064 2306 1098 2364 et

84 2391 120 2454 in
143 2409 257 2474 agrum
275 2392 348 2453 tuto
368 2390 428 2453 eici
446 2393 585 2473 possunt
603 2390 780 2455 comitante
794 2389 921 2454 nutrice
936 2391 1098 2473 pascendi,

31 2507 68 2548 25
84 2478 180 2544 cuius
203 2478 350 2562 singultu
373 2483 566 2543 reuocantur
590 2479 629 2542 ad
647 2478 771 2542 uillam.
809 2479 947 2563 pituitas
966 2502 1044 2544 uero
1065 2484 1098 2544 et

84 2567 266 2632 cruditates
298 2566 349 2630 his
381 2568 531 2632 remediis
560 2567 792 2652 summouebis,
825 2568 943 2652 quibus
976 2569 1100 2654 gallina

87 2659 231 2722 curatur.
277 2656 453 2720 maximum
484 2657 550 2720 illis
578 2657 758 2741 periculum
786 2663 851 2742 est,
883 2680 956 2722 oum
984 2657 1098 2741 incipit

160 2854 176 2901 2
194 2848 316 2902 nutrices
335 2847 392 2903 sint
409 2849 533 2918 gallinae
554 2849 631 2921 ΤΕΙ
652 2852 718 2903 sunt
738 2849 764 2903 θ
783 2851 792 2919 11
816 2855 831 2901 3
850 2866 952 2903 nouem
970 2849 1096 2902 habeant

82 2937 144 2975 oua
162 2920 190 2988 S,
210 2936 310 2974 nouem
329 2937 378 2974 om.
394 2921 425 2974 E
442 2922 452 2989 11
475 2927 490 2974 1
510 2937 564 2974 oua
583 2923 647 2990 (pro
666 2919 770 2988 omnia)
790 2921 863 2986 ΓΕ,
884 2937 939 2974 oua
958 2919 1052 2974 omnia
1071 2938 1097 2986 u,

83 2992 167 3064 [oua]
186 2991 279 3045 omnia
297 3010 350 3062 ops
366 2994 370 3062 1
387 2991 658 3062 gallinacea-item
675 2992 788 3060 111111
805 2990 957 3060 gallinatia
974 2992 999 3044 Τ
1014 2994 1017 3060 1
1034 2990 1098 3043 sub-

83 3063 218 3117 trahatur
232 3063 258 3116 L
274 3064 278 3134 1
295 3066 362 3116 1111
379 3062 611 3132 (111111111116
631 3063 706 3131 quod
720 3062 777 3131 LQ
788 3063 818 3130 V,
839 3065 944 3131 quanto
960 3062 997 3128 E,
1017 3062 1099 3130 [quot

83 3134 186 3188 ablata
205 3136 282 3206 sunt]
300 3152 314 3188 s
336 3138 344 3204 11
368 3141 400 3187 11
419 3137 448 3188 te
467 3133 637 3188 subuertisse
655 3135 682 3187 L
705 3137 714 3202 11
738 3139 771 3187 13
790 3136 872 3186 natos
891 3150 941 3187 orn.
957 3133 988 3201 V,
1008 3128 1097 3186 Natos

84 3209 183 3259 autem
201 3205 293 3273 pullos
307 3207 367 3260 hat.
383 3223 408 3275 u,
427 3205 516 3259 Natos
534 3207 640 3276 [autem
657 3205 761 3331 pullos]
782 3223 835 3276 eps
858 3207 866 3274 11
890 3211 922 3257 21
942 3203 1098 3273 praebean-

84 3282 135 3331 tur
148 3278 184 3345 F,
202 3277 381 3345 praebendae
398 3280 463 3330 sunt
476 3278 531 3331 SE
546 3279 549 3346 1
566 3276 716 3345 septimum
761 3277 841 3347 31111
861 3274 936 3328 diem
950 3277 962 3328 a'
978 3278 981 3344 1
998 3275 1098 3328 ordum

83 3348 193 3419 praebe
224 3348 329 3417 poteris
359 3350 390 3402 E
415 3350 420 3430 1
451 3347 641 3417 sollempniter
666 3349 740 3416 Μ,
774 3346 927 3401 solenniter
961 3348 1067 3427 Vacps
1081 3349 1100 3419 11

85 3426 123 3473 23
133 3421 229 3472 tamen
239 3419 383 3487 quintoli,
394 3420 438 3473 dre
448 3423 543 3473 tamen
553 3420 596 3491 F>
609 3419 695 3473 ctiam
705 3423 769 3488 (pro
779 3421 817 3487 et)
828 3436 904 3489 ceps
918 3421 929 3487 11
942 3420 1042 3471 24111
1055 3419 1081 3470 V

81 3490 206 3612 {siccet
225 3491 297 3545 deici
317 3493 343 3545 V
349 3493 362 3560 11
376 3496 408 3544 25
428 3490 604 3562 singulturae
622 3494 763 3548 uocantur
784 3491 1040 3563 1111111111111
1056 3487 1087 3539 ln*
1108 3488 1130 3552 1

137 3577 174 3610 rra
190 3578 268 3628 aequ
