2378 3832
463 106 580 162 asaro.
594 107 620 161 x
634 113 704 162 a-a
865 185 868 189 ι
1021 107 1089 172 203

375 305 435 370 nn
458 303 555 371 Piso
580 280 815 372 ssannnoq

143 427 218 494 Hoc
245 451 354 494 mense
381 434 547 514 postremo
574 431 683 515 pisum
712 452 854 496 seramus
878 435 967 496 terra
983 428 1074 495 facili
1092 429 1140 495 VI

80 521 111 581 et
130 517 240 583 soluta
257 518 329 584 loco
349 519 473 603 tepido:
492 520 581 584 caelo
600 519 780 584 delectatur
798 524 937 584 umecto.
974 519 1087 605 ingero

80 608 237 690 quattuor
258 607 385 673 modios
408 609 460 672 uel
485 612 552 673 tres
576 610 734 692 sparsisse
759 608 907 673 sufficiet.

46 839 62 878 a
115 817 176 884 DE
202 818 360 886 SISAMO
385 818 593 886 SERENDO
616 821 674 885 ΕΤ
696 819 1051 887 PROSOINDENDIS

354 925 486 992 AGRIS
510 927 571 992 AD
595 927 813 994 ΜΕΕΙΟΑΜ.

143 1047 240 1115 Nunc
263 1051 420 1116 sisamum
444 1056 570 1116 seretur
592 1051 681 1136 putri
705 1052 775 1116 solo
795 1051 847 1116 uel
866 1049 1042 1135 pinguibus
1075 1049 1142 1116 VII

78 1138 209 1203 harenis
230 1139 284 1205 uel
301 1144 390 1205 terra
409 1141 616 1226 congesticia.
654 1141 767 1226 iugero
787 1143 942 1224 quattuor
961 1138 1014 1202 uel
1033 1161 1089 1203 sex

79 1228 239 1293 sextarios
255 1228 376 1294 seuissa
391 1228 572 1294 conueniet.
598 1230 661 1294 hoc
676 1251 786 1294 mense
801 1233 968 1313 postremo
982 1227 1089 1311 prima

31 1316 149 1382 1ouice
172 1336 270 1403 agros
293 1318 548 1403 proscindemus,
572 1319 628 1402 qui
650 1317 797 1382 habituri
822 1321 898 1382 sunt
921 1317 1088 1381 medicam.

77 1529 136 1594 DE
160 1528 283 1596 VIOIA
311 1530 368 1596 ΕΤ
395 1529 514 1596 ΕΕΝΟ
541 1529 718 1596 GRAECO
747 1531 804 1596 ΕΤ
826 1527 1087 1597 FARRAGINE

475 1636 692 1704 SERENDO.

142 1759 239 1827 Nunc
256 1761 360 1828 uiciae
378 1762 485 1846 prima
503 1765 586 1829 satio
606 1768 657 1828 est
676 1767 709 1828 et
726 1762 793 1828 feni
812 1763 930 1848 graeci,
953 1784 1028 1827 cum
1058 1760 1140 1826 VIII

76 1850 190 1933 pabuli
213 1873 312 1916 causa
336 1856 495 1917 seruntur.
532 1853 635 1918 niciae
659 1857 785 1936 septem
808 1853 909 1917 modii
927 1853 1087 1936 iugerum,

33 1963 61 2005 15
75 1961 177 2023 acque
205 1944 239 2004 ct
264 1939 332 2004 feni
360 1941 469 2026 graeci
497 1963 607 2006 semen
633 1941 781 2026 inplebit.
827 1940 957 2025 farrago
987 1939 1087 2004 etiam

73 2028 148 2093 loco
172 2028 313 2093 restibili
336 2032 517 2094 stercorato
542 2030 674 2094 seritur:
703 2027 816 2094 hordei
846 2026 1028 2092 cantherini
1051 2028 1087 2091 in

59 2114 190 2203 'iugero
218 2117 329 2182 decem
357 2118 483 2183 modios
511 2117 695 2203 spargimus
725 2116 811 2182 circa
834 2115 1087 2200 aequinoctium,

73 2209 112 2270 ut
135 2209 211 2271 anto
233 2205 374 2271 hiemem
398 2206 611 2272 concalescat.
650 2207 678 2270 si
697 2205 828 2289 depasci
847 2205 975 2288 saepius
994 2204 1086 2288 uelis,

73 2317 177 2379 usque
202 2293 237 2359 in
259 2295 381 2359 maium
404 2317 548 2361 mensem
568 2296 637 2359 cius
662 2298 796 2379 pastura
817 2293 965 2359 sufficiet.
999 2293 1086 2377 quod

33 2411 60 2451 20
74 2385 103 2448 si
137 2405 177 2448 ex
209 2406 246 2448 ea
274 2384 374 2449 etiam
402 2407 512 2449 semen
541 2384 700 2470 redigere,
732 2405 834 2467 usque
872 2383 913 2448 ad
950 2383 1086 2448 martias

75 2472 226 2538 calendas
250 2476 283 2537 et
306 2473 420 2539 dehinc
443 2495 561 2557 pecora
582 2472 781 2558 prohibebis.

149 2717 444 2772 ΒΕΤ-ΜΕΕΙΟΑΜ
467 2721 548 2774 onai
574 2721 583 2788 11
612 2717 747 2772 lseritur
767 2718 837 2788 icps
849 2718 871 2841 Ἰ1
899 2716 1013 2788 putrido
1035 2717 1088 2843 611

75 2795 92 2844 8
117 2789 282 2874 congestiua
306 2791 338 2844 E
362 2793 371 2859 11
400 2795 432 2843 10
461 2789 515 2844 Tit.
535 2790 587 2844 VH
610 2806 698 2858 onap
725 2792 734 2859 11
763 2796 794 2843 11
824 2788 846 2841 Ε
899 2796 963 2844 ante
990 2788 1079 2892 FEN²

74 2858 460 3012 assentiatur*
481 2859 1089 3012 11111111111111111111

75 3009 110 3057 16
130 3003 221 3057 sterili
239 3021 264 3072 a,
284 3020 373 3072 osup
393 3004 397 3075 1
417 3002 521 3057 hordeo
541 3003 684 3058 canterino
703 3003 761 3056 PL
770 3003 937 3058 VSE¹TF
959 3005 963 3073 1
988 3002 1089 3057 hordar

74 3073 279 3144 -prohibebis
298 3091 347 3129 om.
360 3075 405 3147 pl
431 3074 461 3128 in
479 3091 529 3130 om.
545 3092 580 3144 cp
602 3076 612 3155 11
635 3080 667 3128 17
687 3073 815 3144 iugerum
836 3074 861 3126 T
884 3076 888 3143 1
912 3072 1014 3127 modiis
1033 3073 1086 3146 ΕΙ

75 3162 240 3216 spargemus
257 3146 283 3200 G
296 3148 305 3215 11
321 3150 353 3199 18
373 3146 473 3216 depaci
487 3146 518 3198 F
529 3149 537 3216 11
553 3151 585 3199 19
604 3164 634 3199 m
652 3145 759 3199 Maium
777 3147 976 3199 mensem-et
991 3144 1088 3199 statim

74 3220 199 3287 (11‚12‚
215 3221 242 3287 71
261 3234 311 3272 om.
326 3217 361 3271 F.
396 3217 437 3284 Cf.
458 3219 547 3286 pracf.
576 3220 585 3285 11
612 3223 646 3270 20
670 3233 764 3270 seman
785 3215 871 3270 etiam
889 3217 982 3286 iacps
1012 3217 1015 3286 1
1045 3233 1088 3269 re-

75 3288 136 3342 dire
156 3290 186 3342 E
201 3292 205 3359 1
222 3289 259 3342 ad
277 3286 395 3342 Martias
415 3288 523 3360 spargis
543 3288 685 3342 Kalendas
704 3288 726 3342 S
