2378 3832
130 152 197 217 248
552 151 722 209 PALLADE

133 321 211 364 oues
235 320 356 383 ungere
381 298 450 361 oleo
476 297 641 380 oportebit
664 301 696 360 et
718 298 804 363 uino.
850 301 986 381 propter
1016 320 1144 381 serpen·

131 391 195 473 tes,
225 387 280 472 qui
311 388 500 471 plerumque
531 387 591 450 sub
621 387 831 470 praesepibus
860 386 980 471 latent,
1011 386 1143 450 cedrum

131 477 185 540 uel
208 477 384 561 galbanum
412 476 464 539 uel
492 475 636 539 mulieris
666 475 802 559 capillos
830 483 887 540 aut
915 475 1047 543 ceruina
1075 497 1143 540 cor·

131 587 197 629 nua
219 565 405 647 frequenter
427 586 569 627 uramus

88 655 106 717 7
197 652 257 716 DE
282 650 471 717 CASTRIS.
522 650 616 717 Nunc
646 652 729 718 hirci
760 653 951 717 admittendi
981 657 1073 736 sunt,
1105 658 1178 717 uto

131 742 235 806 fetum
266 742 364 825 primi
391 742 478 805 ueris
508 741 617 805 fouere
644 742 750 824 possit
778 746 918 806 exortus.
963 742 1022 806 sed
1048 763 1141 825 caper

132 831 309 915 eligendus,
333 831 384 894 eui
403 831 463 894 sub
484 829 625 894 maxillis
645 830 724 895 duae
743 831 896 895 uidentur
914 831 1053 913 pendere
1071 853 1141 895 uer·

130 921 271 1004 raculae,
294 920 406 1004 magni
420 919 574 1003 corporis,
598 919 716 984 crassis
735 919 893 1002 cruribus,
915 919 1011 983 breui
1029 920 1140 1003 plena-

131 1031 193 1094 que
217 1009 354 1090 ceruice,
378 1008 509 1072 auribus
533 1007 624 1072 flexis
649 1011 681 1072 et
704 1008 874 1094 grauibus,
897 1031 1000 1092 paruo
1026 1008 1141 1091 capite,

129 1098 244 1180 nitido,
268 1098 372 1181 spisso
397 1102 430 1161 et
453 1097 552 1181 longo
577 1096 706 1180 capillo.
751 1097 792 1161 ad
821 1097 977 1161 ineundas
1001 1097 1140 1161 feminas
1154 1121 1178 1161 rc

130 1191 164 1251 et
187 1190 261 1251 ante
286 1186 471 1250 anniculum
500 1207 675 1270 congruus,
706 1209 772 1251 non
796 1189 906 1250 autem
929 1186 1027 1250 durat
1052 1186 1141 1250 ultra

130 1277 326 1340 sexennium.
370 1275 496 1358 capella
518 1275 635 1338 similis
659 1275 804 1358 corporis
832 1276 887 1339 sed
913 1275 1040 1359 magnis
1065 1276 1141 1339 ube

87 1364 106 1427 8
130 1364 221 1429 ribus
245 1368 295 1428 est
317 1364 462 1449 legenda.
506 1386 572 1427 non
600 1367 709 1427 tamen
736 1363 784 1428 ita
811 1362 934 1427 multae
963 1385 1080 1447 caprae
1104 1368 1140 1428 ut

130 1476 206 1519 oues
234 1476 299 1517 una
329 1453 471 1517 statione
498 1452 697 1536 claudantur,
722 1473 818 1536 quam
843 1453 913 1516 luto
941 1457 974 1516 et
998 1464 1140 1518 stercore

130 1564 238 1606 carere
271 1542 449 1606 conueniet.
496 1541 608 1605 haedis
637 1563 735 1624 supra
767 1541 861 1605 lactis
896 1541 1139 1624 abundantiam,
1155 1566 1180 1606 ιι

129 1632 224 1694 edera
243 1635 276 1694 et
300 1630 408 1693 arbuti
432 1634 465 1694 et
487 1629 618 1694 lentisci
642 1630 809 1694 cacumina
833 1633 908 1694 sunt
930 1651 1024 1713 saepe
1047 1651 1141 1714 prae-

129 1718 241 1782 benda.
293 1719 411 1782 trimae
441 1718 575 1783 educare
607 1723 663 1802 opt
649 1719 727 1782 time
756 1722 907 1802 possunt:
938 1719 1023 1801 quod
1051 1723 1141 1783 tene

129 1808 231 1871 riores
258 1812 377 1871 matres
404 1811 575 1892 generant,
597 1807 843 1960 transigendum
866 1812 923 1871 est.
902 1807 1025 1872 tsed
1051 1808 1141 1872 ultra

130 1900 204 1961 octo
229 1917 330 1959 annos
355 1897 530 1959 seruandae
553 1918 617 1959 non
636 1902 719 1960 sunt
744 1919 796 1961 ma
798 1896 909 1980 trices,
933 1896 1010 1980 quia
1034 1917 1140 1982 genus

128 1985 191 2048 hoc
215 1984 418 2070 longioret
389 1984 564 2049 sterilescit
550 1988 660 2048 ttaae
641 1988 703 2050 ata
1155 2010 1181 2049 ao

298 2216 357 2281 DE
383 2213 639 2280 GLANDIBVS
664 2213 967 2279 OOLLIGENDIS.

77 2339 175 2405 XIIII
242 2339 314 2404 Hoc
329 2346 476 2424 tempore
491 2339 618 2423 glandis
638 2339 792 2424 legendae
807 2360 844 2402 ac
863 2339 1040 2404 seruandae
1061 2363 1142 2405 eura

127 2450 187 2492 nos
212 2428 343 2492 excitet:
374 2429 459 2512 quod
484 2450 565 2511 opus
593 2427 742 2492 femineis
767 2449 803 2492 ac
826 2426 1007 2511 puerilibus
1029 2430 1141 2512 operis

130 2517 348 2581 celebrabitur
370 2517 464 2581 facile
488 2538 577 2580 more
601 2517 762 2580 bacarum.

198 2707 393 2779 3mulerisGll
407 2715 606 2762 duramusom.
618 2708 669 2776 ΕΙΙ
683 2708 819 2761 bHuoct
819 2708 918 2761 elutum
932 2722 981 2761 om.
994 2708 1045 2777 ΕΙΙ
1062 2708 1139 2762 aeli-

128 2780 236 2849 gendus
256 2781 327 2833 est'
315 2797 380 2848 aas,
405 2779 551 2849 eligendus
570 2779 636 2849 [est]
656 2795 691 2848 cp
716 2782 720 2848 l
745 2777 906 2832 ueruieulae
925 2779 987 2847 Lp
1014 2779 1137 2834 uerricu-

126 2851 219 2918 laeS,
239 2850 375 2903 uerricule
395 2852 475 2920 Ellss
494 2850 636 2919 planaque
655 2849 710 2903 SE
721 2851 730 2919 ΙΙ
749 2852 812 2903 {let
800 2848 961 2902 tcomibus
980 2851 1137 2920 grandibus

127 2895 235 2976 addaiu
245 2929 308 2990 post
321 2921 455 2991 grauibus
466 2870 521 2975 S}
535 2922 539 2991 Ι
556 2920 677 2989 caputG
691 2925 699 2984 ΙΙ
715 2926 748 2973 10
758 2920 861 2989 longuo
871 2921 901 2974 E
913 2923 921 2990 Η
938 2927 969 2974 11
987 2938 1091 2975 annum
1096 2924 1135 2993 pl

128 3011 280 3063 congruum
299 2993 329 3045 Ε
340 2995 349 3062 11
365 2998 397 3045 13
417 2992 548 3061 eligenda
562 2992 681 3072 FEeqs
695 2994 704 3060 ΙΙ
719 2997 785 3044 14c
786 2991 925 3045 laudande
941 3011 962 3061 p
977 2995 986 3061 ll
1002 2999 1033 3046 16
1054 2993 1136 3047 arbu-

126 3067 171 3118 sta
190 3065 239 3133 El
256 3079 323 3132 saep
325 3079 339 3116 e
358 3081 408 3117 om
420 3067 511 3188 μμ)
530 3062 652 3116 nutrices
671 3064 771 3132 Ε1120
789 3061 940 3131 longiori
928 3066 959 3132 ιΙ
981 3063 1136 3117 stereleseit

127 3136 183 3189 PL
193 3135 254 3188 VF
274 3137 282 3204 Η
310 3135 449 3189 211)Εο
475 3133 665 3188 LLIGENDIS
690 3133 895 3187 GLANDIBVS
914 3135 945 3187 Ε
966 3137 974 3202 ΙΙ
1003 3134 1135 3188 2201102

126 3223 177 3259 nos
193 3206 296 3260 excitet
315 3223 392 3275 opus.
413 3206 487 3273 quod
506 3207 557 3273 ΕΗ
572 3211 604 3258 23
623 3204 757 3274 pueribus
776 3205 906 3273 operibus
925 3207 959 3273 L
978 3205 1133 3275 puerilibus

128 3277 228 3329 studiis
247 3280 281 3345 ill
295 3283 328 3329 24
347 3276 432 3331 facile
450 3294 499 3330 om.
516 3295 537 3344 p
