2370 3832
428 176 717 232 assisium-12
1034 176 1076 239 81

70 323 160 409 poris
189 324 296 408 spatio
325 328 538 409 sarmentum,
571 323 657 407 quod
684 323 830 387 clausum
858 327 921 406 est,
952 320 1076 385 radices

72 413 196 479 creabit
219 413 306 477 intra
328 412 528 497 praedictam
552 411 758 476 corbiculam.
795 416 873 476 tune
897 411 956 476 sub
976 409 1076 474 tundo
1134 410 1139 418 '

71 502 180 569 corbis
203 501 340 565 incisum
364 502 544 566 radicatum
568 504 768 565 sarmentum
791 523 864 565 eum
886 500 958 583 ipsa
980 499 1077 564 corbe

69 589 257 676 portabitur
285 591 324 654 ad
351 591 473 674 locum,
501 611 596 673 quem
624 589 748 653 uitibus
777 588 954 653 arbustiuis
982 589 1078 653 desti·

45 680 167 746 suabis
190 679 328 762 inplere,
355 678 466 762 ibique
490 678 645 743 obruetur
668 680 753 742 circa
777 678 902 742 arboris
926 677 1078 742 maritan-

70 769 130 833 dae
154 768 288 832 radices.
325 767 387 832 hoc
407 788 533 852 genere,
557 771 715 851 quantum
734 767 885 849 uolueris,
908 789 1077 830 numerum

69 854 190 922 uitium
214 856 391 921 transferes
416 856 484 921 sine
508 856 724 940 ambiguitate
746 855 932 940 prendendi.

255 1086 314 1150 DE
339 1085 492 1152 VINEIS
516 1072 897 1151 PROVINCIALIBVS.

140 1209 263 1275 Vineae
286 1209 321 1274 in
342 1211 520 1295 prouinciis
544 1212 655 1275 multis
675 1211 846 1295 generibus
865 1211 956 1274 fiunt.
994 1211 1048 1274 sed
1083 1211 1132 1276 XI

34 1327 61 1366 ιο
75 1300 236 1384 optimum
268 1321 370 1385 genus
403 1305 465 1382 est,
497 1298 555 1363 ubi
587 1299 665 1363 uitis
696 1300 786 1364 uelut
813 1299 985 1364 arbuscula
1012 1304 1079 1364 stat

74 1389 166 1454 breui
186 1411 278 1454 crure
296 1388 439 1453 fundata.
467 1388 547 1452 haec
561 1387 666 1471 primo
681 1389 805 1453 calamo
820 1387 960 1471 iuuatur,
979 1390 1080 1453 donec

74 1478 240 1542 solidetur.
283 1479 337 1542 sed
361 1478 457 1542 altior
481 1477 669 1562 sesquipede
693 1499 763 1542 esse
786 1500 852 1541 non
875 1478 979 1542 debet.
1022 1478 1079 1542 ubi

74 1568 210 1631 robusta
232 1565 339 1647 fuerit,
363 1567 433 1631 sola
452 1568 617 1631 consistet.
653 1566 740 1631 aliud
759 1587 860 1652 genus
880 1571 939 1653 est,
962 1567 1079 1651 inquo
1121 1651 1123 1655 y

75 1656 186 1719 cannis
210 1655 358 1738 pluribus
382 1656 467 1721 circa
491 1654 659 1739 dispositis
682 1656 754 1740 ipsa
778 1656 856 1720 uitis
880 1677 937 1739 per
960 1678 1079 1721 cannas

32 1769 60 1810 rs
73 1745 246 1808 sarmentis
275 1744 386 1828 ligatis
415 1745 449 1808 in
477 1745 638 1809 orbiculos
666 1746 809 1809 flectitur
837 1768 870 1810 se
900 1751 1080 1829 sequentes.

72 1833 208 1897 ultimae
231 1832 404 1916 positionis
427 1833 506 1898 uitis
531 1838 589 1916 est,
613 1857 694 1918 quae
718 1856 777 1918 per
795 1839 917 1899 terram
934 1835 1081 1917 proiecta

74 1921 258 1986 discumbit.
289 1922 350 1985 hae
370 1943 481 1986 omnes
501 1927 533 1985 et
553 1923 721 1987 scrobibus
739 1928 905 2006 ponuntur
924 1927 956 1986 et
971 1924 1079 1987 sulcis.

102 2134 161 2199 DE
186 2132 408 2200 PVTANDIS
432 2133 585 2200 VINIdIS
610 2132 904 2199 COMMVNIBVS
928 2131 1055 2197 ALTIS

394 2240 482 2304 VEL
506 2237 762 2305 HVMILIBVS.

33 2392 61 2430 ao
140 2364 213 2429 Hoc
236 2387 345 2429 mense
367 2364 449 2430 locis
472 2363 601 2449 frigidis
626 2363 829 2446 aliquatenus
853 2365 887 2426 et
905 2365 1028 2446 temps·
1071 2364 1135 2432 XII

75 2453 154 2518 ratis
174 2454 291 2519 uitium
310 2455 398 2518 iusta
416 2453 554 2538 putatio
587 2452 642 2516 sed
660 2451 717 2515 ubi
731 2451 852 2515 multae
868 2457 943 2515 sunt
958 2453 1080 2538 uineae,

75 2541 261 2607 diuidentur
285 2548 317 2606 et
340 2564 416 2625 pars
440 2564 561 2624 earum,
589 2562 670 2625 quae
694 2540 959 2624 septemtrionem
982 2543 1082 2627 respi-

75 2631 152 2716 ciet,
175 2654 274 2696 uerno
298 2636 444 2715 putetur:
473 2630 538 2694 alia
559 2653 635 2715 pars
660 2629 795 2693 aduersa
818 2629 1081 2696 clementioribus

75 2721 181 2805 plagis
209 2721 371 2785 recidatur
399 2725 563 2784 autumno.
610 2719 665 2782 sed
692 2719 727 2781 in
754 2719 923 2802 putatione
955 2741 1083 2804 semper

35 2834 61 2874 25
76 2810 232 2893 nitamur,
264 2813 302 2873 ut
330 2809 407 2873 uitis
435 2809 493 2872 fiat
522 2809 555 2873 in
583 2830 675 2874 crure
703 2807 883 2890 robustior,
914 2831 954 2872 ne
983 2808 1082 2873 debili

148 2970 163 3017 2
184 2963 291 3018 creauit
305 2966 348 3038 Vl
363 2965 510 3035 praedicta
526 2966 550 3036 11
565 2966 569 3037 1
586 2963 713 3018 suffimdo
729 2964 816 3034 PLQ
830 2965 838 3032 11
853 2969 868 3016 3
890 2965 987 3018 arbore
1000 2967 1083 3034 puta-

75 3034 153 3089 bitur
171 3037 202 3089 E
223 3037 231 3103 11
254 3042 271 3088 4
290 3037 451 3091 arbustibus
473 3037 540 3107 QG,
560 3035 681 3090 arbustis
700 3035 748 3104 ΕΙ
766 3033 907 3089 desideras
923 3053 945 3104 p
966 3039 975 3105 11
999 3043 1014 3090 5
1034 3037 1084 3091 ob-

76 3106 168 3160 mitur
186 3107 478 3177 PLoVsErFor
493 3110 497 3178 1
512 3105 680 3160 maturanda
698 3106 729 3158 E
741 3108 780 3176 116
798 3122 944 3159 numerum
962 3124 1012 3163 om.
1027 3109 1058 3162 E
1072 3109 1084 3233 11

78 3183 92 3230 1
116 3177 252 3247 perdendi
275 3178 316 3245 E,
363 3178 535 3233 rehendendi
558 3195 634 3248 ceps
661 3178 670 3246 11
698 3181 731 3229 10
759 3194 846 3247 genus
875 3193 923 3231 om.
948 3178 975 3229 L
1004 3181 1008 3248 1
1037 3196 1072 3233 ue

78 3248 226 3302 arbustula
237 3249 263 3303 G
275 3251 284 3317 11
301 3256 331 3303 11
342 3198 436 3304 breuis
445 3266 509 3304 rure
519 3251 576 3303 PL
584 3249 606 3318 11
615 3249 644 3315 Τ,
654 3246 832 3302 breuisrurae
844 3246 887 3319 011
897 3253 930 3300 14
940 3252 1067 3304 cannaE
1074 3251 1084 3324 11

79 3325 112 3372 15
132 3319 278 3373 sermentis
292 3321 320 3373 P
334 3324 338 3388 1
354 3320 437 3391 ligati
451 3321 475 3375 si
489 3320 629 3375 orbiculos
643 3320 676 3388 P,
695 3318 780 3388 ligati
797 3319 821 3372 si
834 3317 1002 3373 morbiculos
1016 3322 1083 3392 Lo,

78 3390 243 3458 orbiculap
267 3393 271 3461 1
296 3407 325 3445 se
344 3409 394 3446 om.
409 3394 440 3446 E
460 3396 469 3462 11
493 3398 525 3446 18
545 3392 574 3445 in
594 3390 770 3445 conuallibus
789 3393 801 3445 c'
823 3392 832 3458 11
855 3394 887 3442 21
911 3391 1021 3459 putatio
1040 3397 1084 3448 est

83 3461 252 3530 rsuram,
275 3466 319 3516 est
340 3465 403 3518 incl.
423 3481 460 3534 cp
486 3466 495 3534 11
522 3469 556 3517 23
579 3461 735 3532 poteturQ
762 3464 771 3532 11
798 3467 832 3515 24
855 3461 1029 3517 rescindatur
1045 3465 1095 3532 111

80 3535 113 3584 25
131 3548 184 3586 nec
203 3531 238 3601 Ε,
257 3533 335 3588 Neue
353 3535 442 3605 sna,
461 3551 497 3590 nc
516 3535 575 3610 [ue]
593 3552 647 3608 ops

123 3631 266 3674 mamurra
279 3636 314 3679 cd.
330 3635 467 3681 schmitt.
944 3624 967 3668 ἢ
