2378 3832
114 148 142 203 X
514 147 719 202 PRAEFATIO

121 301 289 378 chartacea,
312 319 389 359 anno
409 298 520 358 Christi
541 301 625 358 1414
649 301 779 375 exarata,
801 299 945 359 Varronis
964 299 999 358 de
1024 300 1133 360 eodem

119 392 297 467 argumento
324 389 435 447 librum
466 388 591 448 tertium
618 388 819 464 amplectitur.
863 388 896 446 in
922 388 978 448 boc
1006 388 1131 462 quidem

118 478 218 538 codice
241 476 371 536 Palladii
393 497 454 536 uno
472 477 558 536 tituli
577 480 646 536 ante
666 477 786 554 singula
807 477 908 552 capita
927 477 1029 537 omissi
1047 481 1131 540 sunt.

116 567 196 626 inest
219 569 321 627 autem
344 584 450 625 manus
474 566 603 626 secunda
626 585 661 624 ao
678 565 779 641 plures
801 565 997 625 inveniuntur
1014 586 1131 627 correc-

119 658 207 715 turae
231 657 323 730 atque
345 655 601 731 interpolationes,
625 673 700 729 quas
723 654 814 714 codex
835 654 859 713 S
878 675 938 714 non
960 655 1058 714 habet.

185 744 241 802 Est
255 744 383 819 denique
401 744 433 803 in
452 742 556 803 eodem
574 762 679 821 genere
697 744 898 803 numerandus
917 743 1008 804 codex
1021 746 1053 802 F
1068 745 1088 803 i.
1104 765 1130 804 e.

117 831 311 892 Florentinus
339 833 401 892 sive
427 832 649 892 Laurentianus
676 834 732 909 47,
762 834 840 910 433,
873 833 1130 912 membranaceus,

120 939 213 980 manu
243 922 385 1000 scriptus,
415 921 526 981 saeculi
552 919 638 997 XIII,
667 921 809 980 foliorum
835 921 1046 997 inscriptorum
1076 925 1130 1000 57,

119 1009 326 1069 columnarum
356 1014 389 1088 2,
420 1028 561 1071 versuum
592 1011 650 1087 36,
681 1010 794 1068 formae
825 1029 919 1086 paene
952 1012 1129 1088 quadratae,

120 1118 211 1173 quem
232 1099 402 1159 Florentiae
425 1117 525 1158 mense
548 1098 637 1174 aprili
664 1098 735 1156 anni
760 1101 843 1159 1875
873 1100 994 1158 contuli.
1040 1101 1131 1159 cuius

18 1212 21 1225 ·
118 1188 265 1263 postremi
294 1188 361 1247 folii
390 1188 538 1263 scriptura
565 1187 609 1245 ita
637 1186 773 1265 evanuit,
803 1188 912 1247 utrix
939 1188 999 1264 legi
1021 1190 1129 1264 possit.

117 1278 209 1352 atque
232 1276 337 1335 insunt
358 1277 472 1335 multae
495 1275 749 1352 interpolationes.

185 1365 335 1435 Quartum
357 1384 451 1442 genus
479 1368 525 1425 est
551 1365 595 1442 id,
626 1365 711 1424 cuius
740 1365 856 1424 codices
884 1365 1006 1424 licentia
1033 1368 1130 1441 atque

118 1453 401 1529 interpolationibus
425 1456 547 1512 scatent.

183 1541 220 1599 In
244 1561 278 1600 eo
301 1561 425 1601 numero
449 1546 494 1601 est
516 1542 608 1601 codex
625 1541 791 1600 Vaticanus
816 1544 915 1619 2193,
942 1543 1132 1602 membrana·

117 1647 200 1707 00110,
230 1649 323 1688 11101111
346 1631 486 1708 scriptus,
515 1631 627 1690 saeculi
649 1630 716 1707 XV,
744 1630 886 1690 foliorum
910 1635 986 1710 156,
1015 1632 1129 1691 colum-

116 1737 224 1777 narum
244 1721 273 1795 2,
295 1738 437 1778 versuum
457 1721 507 1797 52,
530 1737 656 1796 magnae
679 1719 792 1779 formae
811 1719 964 1797 oblongae,
989 1740 1047 1796 quo
1066 1741 1131 1781 non

118 1808 217 1868 solum
239 1807 399 1866 Palladii
423 1808 463 1866 de
485 1808 692 1884 praeceptis
719 1808 772 1867 rei
798 1809 958 1868 rusticae
987 1811 1062 1868 siue
1087 1810 1130 1870 de

119 1897 351 1974 agricultura
364 1897 452 1955 libri
465 1896 637 1957 tredecim
652 1897 702 1957 sed
721 1897 812 1956 etiam
826 1897 886 1955 alia
901 1917 995 1973 eaque
1010 1899 1131 1958 diversa

117 1985 318 2064 continentur,
339 1989 377 2045 ut
394 1985 480 2045 Lucii
494 1984 617 2062 Apuleji
630 1986 835 2045 Madaurensis
853 1987 898 2046 De
922 1987 976 2046 deo
996 1987 1129 2047 Socratis

119 2074 250 2153 aliaque,
273 2072 423 2135 Ciceronis
438 2073 596 2134 Orationes
615 2094 668 2150 pro
687 2075 726 2134 M.
744 2075 885 2134 Marcello
904 2079 934 2134 et
949 2075 981 2146 Q.
995 2076 1130 2155 Ligario,

115 2163 189 2223 Iulii
202 2163 340 2224 Frontini
358 2164 601 2241 stratagematon
619 2163 689 2222 libri
702 2164 753 2241 IV,
771 2164 870 2224 Flavii
883 2164 1003 2242 Vegetii
1020 2165 1129 2240 110110-

33 2290 37 2295 -
118 2272 183 2312 mes
201 2253 246 2312 rei
262 2253 403 2313 militaris
421 2252 491 2311 libri
509 2253 545 2321 V,
563 2251 715 2328 Anonymi
737 2252 958 2313 observationes
979 2253 1128 2329 quaedam

119 2359 210 2417 super
232 2342 427 2419 agricultura.
460 2361 494 2400 ac
516 2341 670 2400 Palladius
694 2341 814 2418 quidem
833 2341 940 2418 incipit
959 2362 976 2400 a
994 2343 1045 2402 fol.
1063 2346 1126 2403 118

117 2447 186 2506 pag.
203 2431 221 2487 2
241 2430 329 2489 0012
351 2433 382 2490 01
398 2431 578 2491 terminatur
595 2431 646 2490 fol.
663 2433 726 2492 150
745 2449 813 2507 pag.
834 2433 850 2489 1
873 2432 926 2491 col.
947 2435 975 2490 2.
993 2431 1129 2492 initiales

118 2517 238 2577 litterae
253 2518 440 2596 singulorum
453 2519 582 2578 Palladii
600 2519 745 2579 librorum
763 2538 836 2578 auro
856 2523 947 2595 atque
965 2520 1047 2578 intus
1065 2521 1128 2597 pic·

120 2605 198 2665 turis
213 2609 336 2666 ornatae
356 2610 435 2668 sunt.
466 2607 556 2666 huius
575 2608 684 2668 codicis
704 2626 768 2667 eam
786 2611 912 2685 partem,
931 2627 1008 2684 quae
1026 2608 1128 2668 Palla·

119 2695 205 2753 dium
227 2696 435 2774 conplectitur,
459 2696 497 2754 ad
519 2697 645 2755 eundem
667 2697 785 2774 librum,
809 2717 844 2756 ex
863 2717 922 2772 quo
946 2697 1060 2757 codices
1083 2716 1127 2758 00-

119 2784 210 2844 cundi
233 2787 263 2844 01
281 2785 364 2844 101111
383 2785 505 2863 generis.
513 2784 658 2862 originem
676 2786 830 2863 traxerint,
852 2786 1049 2846 reducendam
1064 2806 1130 2847 0000

118 2873 308 2950 expluribus
331 2873 404 2933 locis
428 2876 560 2950 apparet.
607 2874 659 2932 sed
682 2875 762 2949 quod
789 2874 865 2932 nihil
890 2876 1034 2934 momenti
1056 2876 1128 2936 huic

117 2963 213 3022 codici
225 2962 338 3022 Romae
351 2980 451 3022 mense
466 2961 555 3038 aprili
569 2963 640 3021 anni
656 2965 740 3024 1875
761 2963 864 3037 aliqua
883 2983 918 3022 ex
935 2967 1020 3040 00110
1042 2984 1061 3024 a
1079 2985 1127 3024 me

120 3052 239 3111 conlato
264 3051 483 3111 concedendum
506 3069 568 3110 0000
592 3070 705 3129 censeo,
727 3051 869 3111 lectiones
894 3053 957 3111 eius
979 3054 1012 3112 in
1035 3072 1127 3129 appa-

117 3143 220 3199 ratum
243 3140 380 3199 criticum
398 3140 530 3216 proferre
554 3158 807 3216 supervacaneum
826 3159 888 3200 esse
906 3142 981 3200 mibi
998 3142 1127 3202 videtur.

184 3229 326 3288 Eiusdem
359 3228 475 3307 generis
508 3248 577 3287 eum
607 3248 726 3306 quoque
755 3229 848 3288 fuisse
879 3234 954 3306 puto
986 3231 1128 3309 codicem,

121 3334 182 3390 quo
197 3317 374 3377 Vincentius
392 3318 424 3376 in
440 3317 566 3393 Speculo
585 3335 638 3378 suo
657 3318 791 3377 naturali
807 3313 1036 3379 conscribendo1
1053 3339 1127 3380 usus

182 3508 201 3553 1
220 3502 388 3558 Schneiderr'
407 3506 473 3559 tom.
491 3503 533 3558 ΠΙ
550 3503 639 3576 praef.
656 3504 692 3561 X.
