2378 3832
112 158 156 222 ιο
534 155 703 209 Planina

113 305 151 368 de
176 303 298 368 morbis
323 306 446 366 aestate
471 306 621 385 suspecta
643 305 700 366 est.
739 301 790 366 cui
813 301 842 365 si
864 301 939 366 fons
958 300 1046 365 desit
1066 306 1125 364 aut

114 396 240 478 puteus,
259 392 414 456 cisternas
434 397 620 456 construere
641 390 821 473 conueniat,
840 389 956 474 quibus
976 390 1126 454 omnium

114 481 249 546 conduci
272 481 377 564 possit
396 502 480 564 aqua
498 483 667 545 tectorum.
703 480 787 543 fiunt
806 484 915 550 autem
934 478 998 544 hoc
1017 479 1127 546 modo,

168 710 226 774 DE
250 709 481 777 OISTERNIS
504 709 561 774 ΕΤ
584 709 770 774 MALTHA
792 708 1073 776 FRIGIDARIA.

64 835 160 902 XVII
228 833 371 920 Signinis
391 835 570 920 parietibus
590 834 779 919 magnitudo
799 858 845 918 ea,
865 857 928 918 qna
949 835 1126 901 delectaris
1151 862 1161 902 s

116 928 149 988 et
172 924 224 990 cui
242 924 375 1009 sufficis,
400 927 607 988 construatur
625 922 755 1008 longior
774 923 878 1009 magis
898 945 997 1007 quam
1015 923 1125 989 latior.

113 1013 209 1078 huius
229 1013 334 1078 solum
354 1014 422 1078 alto
442 1013 556 1077 rudere
575 1012 750 1076 solidatum
768 1012 882 1078 relicto
901 1012 1035 1078 fusoriis
1050 1013 1126 1078 loco

114 1102 248 1168 testacei
276 1102 456 1205 pauimenti
445 1100 706 1184 isuperfusione
729 1100 900 1186 leuigetur.
946 1101 1010 1166 hoc
1034 1102 1126 1185 paui·

115 1196 260 1257 mentum
288 1192 376 1255 omni
400 1196 514 1255 curat
500 1191 669 1254 terendum
692 1193 742 1258 est
765 1190 877 1253 adt
827 1190 877 1254 nit
879 1212 951 1254 ores
975 1195 1008 1255 et
994 1191 1126 1256 tlardo

70 1281 228 1366 2pingui
260 1281 393 1346 decocto
358 1279 552 1344 tadsidue
579 1276 827 1378 perfricandum.
872 1279 957 1362 quod
987 1278 1045 1342 ubi
1076 1281 1127 1343 de·
1141 1308 1164 1346 ιι

117 1371 213 1435 ducto
241 1391 352 1434 umore
382 1370 538 1433 siccatum
566 1371 630 1450 est,
655 1389 696 1431 ne
725 1365 816 1431 rimis
840 1367 875 1431 in
898 1367 1008 1450 aliqua
1030 1372 1127 1451 parte

116 1459 218 1523 findat
220 1480 312 1541 ur,e
296 1456 396 1522 etiam
419 1459 523 1540 pariet
525 1479 558 1520 es
509 1455 682 1521 tsimili
706 1456 794 1520 corio
817 1455 967 1521 uelantur
990 1456 1128 1522 obducti

118 1546 225 1610 et1ta
254 1550 330 1628 post
317 1545 429 1609 tdiut
415 1552 545 1609 turnam
578 1551 611 1608 et
597 1545 777 1609 tsolidam
809 1545 922 1609 siccita
923 1549 989 1609 tem
1023 1567 1128 1630 aquae

115 1635 308 1719 praebeatur
326 1633 512 1717 hospitium.
549 1634 710 1718 anguillas
730 1655 805 1697 sane
824 1634 993 1718 piscesque
1011 1635 1127 1699 fluuia-

116 1725 163 1788 les
189 1721 278 1786 mitti
300 1721 334 1786 in
357 1722 408 1785 his
435 1722 586 1806 pascique
611 1723 789 1806 conueniet,
812 1726 849 1786 ut
871 1723 989 1787 horum
1009 1728 1129 1788 natatu
1143 1750 1166 1791 ιι

116 1834 200 1896 aqua
230 1817 320 1875 stans
349 1810 532 1895 agilitatem
556 1810 715 1876 currentis
738 1811 893 1876 imitetur.
936 1812 995 1876 sed'
1017 1812 1045 1876 si
1071 1813 1129 1876 ali·

117 1899 243 1985 quando
273 1901 307 1963 in
331 1921 533 1984 quocumque
552 1900 623 1964 loco
642 1901 820 1984 pauimenti
839 1900 891 1965 uel
908 1899 1043 1984 parietis
1064 1906 1130 1967 tec-

117 1994 191 2054 tura
225 1990 428 2073 succumbat,
451 1989 513 2053 hoc
537 2010 637 2075 genus
661 1988 804 2053 malthae
827 1988 1068 2073 adhibebimus,
1092 1994 1130 2054 ut

74 2081 94 2144 3
117 2102 211 2144 umor
234 2078 268 2142 in
292 2077 414 2142 exitum
436 2079 543 2142 nitens
566 2078 671 2161 possit
695 2077 823 2142 includi.
861 2079 960 2142 rimas
984 2082 1017 2142 et
1040 2079 1128 2145 lacu·

115 2192 173 2233 nas
202 2168 432 2251 cisternarum,
465 2167 606 2252 piscinas
634 2167 686 2230 uel
714 2169 829 2249 puteos
859 2167 1035 2232 sarciemus
1063 2168 1166 2236 hoca

116 2279 244 2340 genere,
272 2257 335 2320 etsi
362 2278 456 2320 umor
483 2279 540 2338 per
567 2277 645 2319 saxa
672 2255 827 2320 manabit.
871 2254 953 2340 picis
979 2256 1126 2340 liquidae

117 2348 273 2428 quantum
293 2345 444 2428 uolueris,
466 2350 498 2410 et
521 2344 713 2409 tantundem
732 2366 839 2408 sumes
858 2344 1022 2430 unguinis,
1041 2347 1130 2429 quod

116 2455 269 2498 uocamus
298 2434 472 2518 axungiam
500 2435 552 2498 uel
585 2455 706 2497 aeuum.
747 2437 826 2498 tunc
853 2433 887 2497 in
915 2434 981 2498 olla
1004 2437 1130 2500 utrum·

118 2543 179 2605 que
200 2521 350 2586 miscebis
371 2524 403 2585 et
422 2544 549 2606 coques,
572 2522 673 2586 donec
691 2525 833 2605 spumet:
858 2520 971 2586 deinde
991 2523 1032 2587 ab
1051 2522 1129 2609 igne

117 2609 308 2675 remouebis
354 2632 427 2674 cum
453 2610 552 2675 fuerit
584 2611 697 2675 eadem
725 2610 916 2696 refrigerata
944 2611 1129 2732 permixtio,
1144 2637 1167 2679 ιι

190 2807 203 2854 1
225 2802 259 2855 de
278 2801 413 2856 morbit
387 2819 399 2854 s
401 2804 463 2856 tatu
487 2803 804 2872 VtcumsiLVFG,
830 2802 957 2856 cuicum
976 2803 1129 2886 Ε119ριι-

118 2876 178 2928 teos
199 2876 248 2926 aut
267 2872 401 2927 cisternas
424 2874 467 2944 Vl
484 2875 662 2955 conueniet'
650 2893 742 2945 caepa
755 2877 764 2944 11
779 2880 794 2927 5
812 2873 940 2944 Ligninis
955 2875 991 2943 E,
1010 2874 1128 2944 parieti-

118 2946 171 2999 bus
190 2961 239 2998 om.
258 2962 279 3012 s,
299 2944 440 2999 Cisternae
454 2945 551 3016 magni
551 2947 619 3000 tudo
631 2964 652 3014 p
666 2949 675 3015 11
689 2963 723 2999 ea
738 2945 859 3000 cisterna
877 2946 920 3018 Vt
937 2944 984 2998 cui
1003 2945 1127 3000 delecta-

119 3015 157 3068 ris
177 3018 205 3069 θι
224 3015 269 3069 cui
288 3015 349 3070 suff
364 3033 453 3071 omacs
463 3025 544 3085 praet
545 3035 573 3071 cr
584 3035 630 3085 pa,
651 3016 836 3070 delectaueris
851 3017 882 3070 F
893 3019 901 3086 11
917 3023 931 3069 7
951 3015 1078 3071 fussoriis
1094 3019 1125 3084 V,

120 3086 241 3141 fosioriis
260 3087 295 3154 F,
318 3087 442 3141 fossoriis
462 3089 498 3156 E,
522 3087 624 3142 fusoris
643 3091 710 3157 acl!
702 3088 925 3157 119οθιιθιιιιιιιιι
943 3087 1038 3159 α1ιιι
1040 3091 1129 3144 torem

121 3159 215 3212 SEas
228 3161 237 3227 11
253 3164 286 3211 10
304 3158 515 3229 perfrigandum
527 3160 549 3228 Q
562 3162 571 3229 11
587 3167 618 3212 19
639 3158 741 3212 s1m1ho
754 3159 776 3228 Q
792 3159 918 3300 qmodo(
920 3176 973 3226 pro
988 3158 1120 3230 corio)E

121 3246 188 3282 cura
202 3229 387 3299 ptlvolentur
409 3232 431 3301 Q
453 3233 462 3300 11
488 3236 519 3283 17
540 3232 687 3300 cisterna(
678 3232 774 3300 (supra
804 3246 853 3283 oco
888 3230 929 3283 V'
945 3233 949 3299 1
965 3162 1126 3284 tecturrii

123 3304 155 3352 18
174 3300 331 3354 succumbit
349 3302 379 3354 Ε
391 3303 400 3371 11
415 3301 579 3355 adhibemus
599 3302 626 3370 S,
649 3300 832 3354 adhibeamus
854 3301 885 3354 Ε
896 3303 905 3369 11
921 3306 953 3354 19
972 3301 1054 3355 lanas
1073 3302 1104 3355 Ε

122 3377 155 3423 99
175 3374 204 3424 et
221 3371 343 3440 piscinas
362 3390 439 3442 acps
455 3375 458 3443 1
476 3376 504 3426 et
521 3374 650 3454 puteos
639 3391 649 3425 ι
666 3374 670 3443 1
685 3371 868 3425 resarciamus
887 3372 928 3425 V²
950 3375 960 3441 11
982 3378 1015 3425 91
1041 3373 1127 3427 malta

122 3444 217 3511 (supra
236 3446 347 3511 genere)
366 3443 459 3515 V²te
444 3443 515 3498 etsi
533 3446 598 3514 itp
599 3443 664 3497 iscis
683 3444 710 3496 L
732 3445 798 3512 1191>
818 3442 933 3496 summis
952 3444 1020 3512 LF,
1043 3444 1127 3498 sumis

115 3513 237 3578 §ME
239 3516 257 3581 11
267 3519 301 3566 24
320 3532 447 3584 quoques
467 3515 531 3570 LE
546 3517 549 3590 1
565 3463 676 3570 Dehinc
698 3514 859 3584 abigensE
869 3516 931 3581 tab
947 3513 1088 3579 permixto
1104 3515 1129 3566 (t
