2378 3832
542 174 713 228 PALLADII

304 371 363 437 DE
387 371 507 439 ΕΕΝΟ
533 370 710 438 GRAECO
736 371 954 440 suRuNDO.

68 498 132 563 VII
200 497 326 563 Ferrum
348 519 501 583 graecum
519 498 554 562 in
571 498 669 561 Italia
688 498 861 582 colligendi
881 501 1017 564 seminis
1037 523 1134 567 causa

121 609 230 653 mense
254 587 400 651 ianuario
425 586 541 652 ultimo
566 586 652 652 circa
674 586 855 653 februarias
880 589 1032 654 calendas
1056 591 1133 654 seri-

121 699 202 742 mus.
240 699 296 741 sex
314 676 414 740 modii
433 678 545 759 iugero
565 675 737 741 sufficient.
774 677 931 743 arandum
950 682 1002 742 est
1021 679 1135 762 spisse,

122 767 178 830 sed
209 787 276 829 non
308 766 383 830 alte.
427 787 504 830 nam
537 766 564 828 si
596 765 671 848 plus
705 788 801 849 quarn
834 771 993 850 quattuor
1020 768 1169 854 digitius

121 856 295 940 obruatur,
322 853 453 919 difficile
481 855 635 918 nascitur.
680 852 801 921 ideirco
830 856 962 940 quidam
987 857 1135 922 minimis

121 943 239 1008 aratris
257 942 420 1029 proscissa
432 945 523 1028 prius
537 947 627 1009 terra
641 943 803 1009 seminant
817 950 850 1009 et
865 945 1004 1010 sareulis
1019 946 1137 1011 statim

121 1037 194 1097 sata
218 1033 417 1118 cooperiunt.

404 1264 464 1329 ΒΕ
488 1263 608 1330 ERVO
635 1262 851 1330 suRuNDO.

67 1387 149 1453 VIII
216 1389 342 1453 Eruum
366 1389 430 1453 seri
452 1393 486 1453 et
509 1390 571 1453 hoc
590 1410 700 1452 mense
723 1388 903 1454 nouissimo
926 1393 1039 1474 potest
1059 1391 1134 1457 loeo
1148 1417 1169 1455 ιο

120 1479 206 1543 sicco
231 1482 263 1541 et
286 1499 404 1542 macro,
441 1480 476 1542 in
498 1479 611 1564 iugero
636 1477 777 1562 quinque
802 1478 902 1543 modii
925 1483 1092 1544 seruntur.

120 1707 181 1773 DE
202 1706 441 1772 SARIIINDIS
460 1706 716 1773 FRVMENTIS
736 1708 792 1772 ΕΤ
811 1706 1134 1776 LEGVMINIBVS.

67 1831 167 1897 VIIII
234 1831 307 1896 Hoc
335 1854 444 1896 mense
472 1833 593 1896 serenis
624 1837 657 1897 et
680 1832 775 1898 siccis
799 1834 925 1917 diebus,
953 1835 1033 1899 dum
1056 1835 1136 1921 geli-

121 1921 242 1986 cidium
262 1943 328 1985 non
340 1927 403 2004 est,
430 1925 507 1985 sunt
526 1922 718 1986 sarculanda
735 1921 907 1988 frumenta.
945 1924 1033 2007 quod
1051 1946 1133 2009 opus

119 2010 267 2095 plerique
295 2013 418 2094 negant
440 2011 511 2075 fieri
535 2011 664 2095 debere,
693 2012 769 2095 quia
795 2011 920 2076 radices
944 2034 1059 2076 eorum
1083 2015 1134 2078 de·
1147 2039 1169 2079 15

120 2104 275 2185 tegantur
298 2103 354 2163 aut
378 2100 562 2165 incidantur
581 2104 614 2164 et
632 2104 788 2165 necentur
805 2100 927 2186 frigore
947 2100 1134 2168 subsecuto.

120 2188 201 2253 mihi
233 2189 363 2254 uidetur
395 2189 543 2253 herbosis
574 2189 655 2254 loeis
683 2193 813 2254 tantum
842 2211 911 2254 esse
939 2188 1134 2256 faciendum.

121 2278 177 2341 sed
195 2278 343 2342 triticum
362 2281 395 2341 et
414 2279 463 2341 Iar
482 2277 603 2343 saritur
618 2281 772 2363 quattuor
785 2278 950 2361 foliorum,
973 2279 1135 2345 hordeum

121 2365 276 2449 quinque,
303 2367 379 2430 faba
406 2371 439 2431 et
466 2367 645 2452 legumina,
674 2388 746 2431 curn
774 2389 872 2452 supra
895 2372 1018 2432 terram
1041 2374 1135 2451 quat

76 2456 97 2519 2
121 2458 196 2517 tuor
220 2453 334 2538 digitis
357 2454 486 2519 fuerint.
522 2456 654 2540 lupinus
678 2478 765 2539 uero,
789 2457 843 2540 qui
867 2479 966 2521 unam
990 2458 1170 2525 radicemur

120 2542 234 2621 habet,
258 2543 286 2606 si
310 2544 502 2628 sarculetur,
526 2545 742 2630 extinguitur:
767 2547 852 2629 quod
874 2568 934 2610 nee
959 2545 1135 2632 desiderat,

120 2630 196 2716 quia
223 2630 341 2695 herbas
369 2636 498 2716 praeter
527 2633 682 2698 auxilium
712 2635 847 2699 cultoris
873 2633 1009 2717 adfligit.
1056 2635 1136 2701 faba

120 2723 238 2803 autem,
263 2721 291 2785 si
314 2722 365 2785 bis
389 2722 578 2806 sarculetur,
603 2723 753 2807 proficiet
776 2727 809 2787 et
828 2724 969 2787 multum
988 2723 1135 2790 fructum

119 2814 153 2874 et
182 2808 358 2873 maximum
386 2811 565 2893 redditura,
591 2817 629 2875 ut
657 2812 696 2875 ad
725 2834 909 2877 mensuram
933 2812 1035 2877 modii
1059 2835 1136 2879 con·

193 2974 206 3020 1
228 2966 396 3021 SERENDO
415 2984 466 3021 orn.
481 2968 512 3020 E
523 2970 563 3037 114
581 2967 710 3038 iugerum
724 2968 778 3034 13¹,
798 2969 835 3021 ad
849 2967 977 3038 iugerum
991 2969 1023 3022 Ε
1029 2969 1039 3000 ²
1055 2973 1059 3038 1
1077 2972 1136 3025 suf-

121 3039 220 3094 ficiunt
236 3038 262 3092 G
279 3045 304 3092 ct
321 3039 451 3093 editiones
468 3037 470 3109 1
488 3041 532 3092 est
550 3055 599 3092 om.
611 3056 633 3107 p
655 3041 664 3109 11
688 3046 703 3091 5
724 3037 810 3108 digtis
831 3039 857 3091 V
871 3041 880 3108 11
899 3045 915 3092 6
936 3039 1058 3095 difficule
1079 3043 1107 3097 θ
1129 3043 1133 3115 1

120 3109 223 3165 Iccirco
231 3111 261 3163 Ε
269 3109 277 3176 11
288 3115 302 3162 7
314 3109 401 3163 aratis
411 3109 448 3163 V¹
460 3109 463 3181 1
473 3109 640 3178 proscissam
650 3111 694 3163 Ei
706 3110 708 3177 1
721 3112 825 3163 terram
834 3111 886 3177 El,
897 3111 971 3164 terre
981 3111 1007 3166 G
1018 3111 1022 3183 1
1035 3113 1135 3167 statim

121 3181 238 3235 sarculis
258 3182 288 3234 Ε
300 3183 339 3250 119
358 3179 482 3233 HERUO
501 3182 542 3234 cel
559 3180 682 3234 ΗΕΕΒΟ
700 3183 756 3248 fere
778 3198 869 3235 omnes
891 3188 915 3235 et
938 3183 978 3236 sic
995 3185 1108 3253 saepias
1125 3185 1136 3257 11

122 3259 155 3305 10
174 3251 274 3306 ultimo
291 3251 317 3305 G
333 3251 336 3322 1
352 3251 414 3305 loco
438 3269 487 3305 oni.
503 3253 534 3305 Ε
546 3255 555 3322 11
570 3259 602 3305 13
622 3251 755 3322 gelicidia
769 3252 985 3322 PLQVSEF
996 3256 1005 3324 11
1021 3260 1056 3309 14
1075 3273 1135 3310 sar·

121 3323 240 3376 culenda
257 3324 290 3391 G,
304 3321 445 3377 frumenta
459 3323 627 3376 sarculanda
636 3324 666 3376 E
681 3324 684 3392 1
701 3340 770 3391 opus
784 3340 834 3378 om.
846 3324 876 3377 Ε
887 3326 897 3394 11
913 3330 945 3377 16
961 3327 1011 3379 ant
1024 3343 1077 3380 nee
1089 3345 1112 3397 p
1126 3334 1135 3399 1

122 3399 154 3447 17
169 3393 239 3446 mihi
249 3397 343 3447 autem
353 3393 465 3447 uidetur
474 3395 566 3465 icens
579 3397 588 3464 11
602 3400 636 3447 20
646 3394 713 3462 quia
723 3398 786 3463 (pro
797 3393 880 3464 qui)s
893 3397 902 3464 11
917 3401 949 3448 21
960 3397 1135 3463 quod-ad·

111 3463 191 3531 urgit
203 3482 252 3517 om.
259 3482 286 3532 p
296 3466 311 3533 11
322 3471 358 3518 23
371 3464 529 3521 sarculetur
542 3483 601 3522 non
614 3464 750 3534 affligitur
764 3466 818 3519 sed
826 3465 956 3533 nrndciet
967 3485 986 3533 n
998 3469 1057 3534 1124
1070 3470 1134 3523 red-

99 3531 182 3584 ditur
202 3536 256 3588 aut
274 3536 369 3610 ΡΜ)
380 3539 430 3610 1⁷¹,
450 3539 563 3613 reddit,
589 3541 623 3594 ut
643 3537 746 3606 STE,
766 3535 872 3591 reddet
889 3535 956 3600 Gn„
973 3535 1075 3587 alliciet
1090 3555 1147 3604 cns
