<?xml version="1.0" encoding="UTF-8"?>
<!DOCTYPE html PUBLIC "-//W3C//DTD XHTML 1.0 Transitional//EN"
    "http://www.w3.org/TR/xhtml1/DTD/xhtml1-transitional.dtd">
<html xmlns="http://www.w3.org/1999/xhtml" xml:lang="en" lang="en">
 <head>
  <title>
</title>
<meta http-equiv="Content-Type" content="text/html;charset=utf-8" />
  <meta name='ocr-system' content='tesseract 3.04.00' />
  <meta name='ocr-capabilities' content='ocr_page ocr_carea ocr_par ocr_line ocrx_word'/>
</head>
<body>
  <div class='ocr_page' id='page_1' title='image "./palladiirutilii00pallgoog_0244.png"; bbox 0 0 2370 3832; ppageno 0'>
   <div class='ocr_carea' id='block_1_1' title="bbox 473 174 1087 246">
    <p class='ocr_par' dir='ltr' id='par_1_1' title="bbox 473 174 1087 246">
     <span class='ocr_line' id='line_1_1' title="bbox 473 174 1087 246; baseline 0.005 -16"><span class='ocrx_word' id='word_1_1' title='bbox 473 174 692 233; x_wconf 78' lang='lat' dir='ltr'><strong>nasiuxrn</strong></span> <span class='ocrx_word' id='word_1_2' title='bbox 1020 179 1087 246; x_wconf 81' lang='lat'><strong>225</strong></span> 
     </span>
    </p>
   </div>
   <div class='ocr_carea' id='block_1_2' title="bbox 35 321 1141 2273">
    <p class='ocr_par' dir='ltr' id='par_1_2' title="bbox 35 321 1141 2273">
     <span class='ocr_line' id='line_1_2' title="bbox 77 321 1086 411; baseline 0.005 -26"><span class='ocrx_word' id='word_1_3' title='bbox 77 343 184 407; x_wconf 89' lang='lat' dir='ltr'><strong>unam,</strong></span> <span class='ocrx_word' id='word_1_4' title='bbox 203 321 401 407; x_wconf 82' lang='lat' dir='ltr'><strong>glycyridiae</strong></span> <span class='ocrx_word' id='word_1_5' title='bbox 415 321 528 386; x_wconf 88' lang='lat' dir='ltr'><strong>uncias</strong></span> <span class='ocrx_word' id='word_1_6' title='bbox 542 326 619 404; x_wconf 88' lang='lat' dir='ltr'><strong>tres,</strong></span> <span class='ocrx_word' id='word_1_7' title='bbox 636 321 731 386; x_wconf 89' lang='lat' dir='ltr'><strong>nardi</strong></span> <span class='ocrx_word' id='word_1_8' title='bbox 749 322 857 388; x_wconf 85' lang='lat' dir='ltr'><strong>celtici</strong></span> <span class='ocrx_word' id='word_1_9' title='bbox 874 325 1086 411; x_wconf 89' lang='lat' dir='ltr'><strong>tantumdem,</strong></span> 
     </span>
     <span class='ocr_line' id='line_1_3' title="bbox 77 409 1086 496; baseline 0.007 -22"><span class='ocrx_word' id='word_1_10' title='bbox 77 411 166 476; x_wconf 88' lang='lat' dir='ltr'><strong>aloes</strong></span> <span class='ocrx_word' id='word_1_11' title='bbox 195 410 360 496; x_wconf 89' lang='lat' dir='ltr'><strong>hepatices</strong></span> <span class='ocrx_word' id='word_1_12' title='bbox 387 409 499 474; x_wconf 86' lang='lat' dir='ltr'><strong>uncias</strong></span> <span class='ocrx_word' id='word_1_13' title='bbox 528 412 608 479; x_wconf 89' lang='lat' dir='ltr'><strong>duas</strong></span> <span class='ocrx_word' id='word_1_14' title='bbox 636 412 817 476; x_wconf 78' lang='lat' dir='ltr'><strong>tunderet</strong></span> <span class='ocrx_word' id='word_1_15' title='bbox 847 434 958 478; x_wconf 89' lang='lat' dir='ltr'><strong>cernes</strong></span> <span class='ocrx_word' id='word_1_16' title='bbox 990 418 1024 479; x_wconf 88' lang='lat' dir='ltr'><strong>et</strong></span> <span class='ocrx_word' id='word_1_17' title='bbox 1051 415 1086 481; x_wconf 92' lang='lat' dir='ltr'><strong>in</strong></span> 
     </span>
     <span class='ocr_line' id='line_1_4' title="bbox 76 497 1085 584; baseline 0.005 -20"><span class='ocrx_word' id='word_1_18' title='bbox 76 497 227 564; x_wconf 72' lang='lat' dir='ltr'><strong>sextariis</strong></span> <span class='ocrx_word' id='word_1_19' title='bbox 252 497 492 584; x_wconf 78' lang='lat' dir='ltr'><strong>quinquaginta</strong></span> <span class='ocrx_word' id='word_1_20' title='bbox 514 499 696 565; x_wconf 87' lang='lat' dir='ltr'><strong>cochlearia</strong></span> <span class='ocrx_word' id='word_1_21' title='bbox 718 521 774 565; x_wconf 87' lang='lat' dir='ltr'><strong>sex</strong></span> <span class='ocrx_word' id='word_1_22' title='bbox 795 503 950 568; x_wconf 83' lang='lat' dir='ltr'>recondes</span> <span class='ocrx_word' id='word_1_23' title='bbox 974 507 1085 569; x_wconf 87' lang='lat' dir='ltr'><strong>etuas</strong></span> 
     </span>
     <span class='ocr_line' id='line_1_5' title="bbox 76 587 1139 676; baseline 0.003 -23"><span class='ocrx_word' id='word_1_24' title='bbox 76 610 177 673; x_wconf 79' lang='lat' dir='ltr'><strong>pones</strong></span> <span class='ocrx_word' id='word_1_25' title='bbox 201 588 236 652; x_wconf 93' lang='lat' dir='ltr'><strong>in</strong></span> <span class='ocrx_word' id='word_1_26' title='bbox 258 591 358 653; x_wconf 88' lang='lat' dir='ltr'><strong>fumo.</strong></span> <span class='ocrx_word' id='word_1_27' title='bbox 394 588 429 651; x_wconf 92' lang='lat' dir='ltr'><strong>in</strong></span> <span class='ocrx_word' id='word_1_28' title='bbox 452 587 563 653; x_wconf 92' lang='lat' dir='ltr'><strong>album</strong></span> <span class='ocrx_word' id='word_1_29' title='bbox 587 589 729 654; x_wconf 91' lang='lat' dir='ltr'><strong>colorem</strong></span> <span class='ocrx_word' id='word_1_30' title='bbox 752 587 829 654; x_wconf 90' lang='lat' dir='ltr'><strong>uina</strong></span> <span class='ocrx_word' id='word_1_31' title='bbox 846 589 939 656; x_wconf 89' lang='lat' dir='ltr'><strong>fusca</strong></span> <span class='ocrx_word' id='word_1_32' title='bbox 956 593 1087 676; x_wconf 88' lang='lat' dir='ltr'><strong>mutari,</strong></span> <span class='ocrx_word' id='word_1_33' title='bbox 1118 591 1139 656; x_wconf 88' lang='grc'>9</span> 
     </span>
     <span class='ocr_line' id='line_1_6' title="bbox 50 677 1086 762; baseline 0.002 -18"><span class='ocrx_word' id='word_1_34' title='bbox 50 677 107 744; x_wconf 77' lang='lat' dir='ltr'><strong>asi</strong></span> <span class='ocrx_word' id='word_1_35' title='bbox 135 698 176 741; x_wconf 83' lang='lat' dir='ltr'><strong>ex</strong></span> <span class='ocrx_word' id='word_1_36' title='bbox 201 678 278 742; x_wconf 86' lang='lat' dir='ltr'><strong>faba</strong></span> <span class='ocrx_word' id='word_1_37' title='bbox 304 678 483 741; x_wconf 89' lang='lat' dir='ltr'><strong>lomentum</strong></span> <span class='ocrx_word' id='word_1_38' title='bbox 510 677 635 742; x_wconf 82' lang='lat' dir='ltr'><strong>factum</strong></span> <span class='ocrx_word' id='word_1_39' title='bbox 666 677 744 743; x_wconf 92' lang='lat' dir='ltr'><strong>uino</strong></span> <span class='ocrx_word' id='word_1_40' title='bbox 776 679 849 762; x_wconf 89' lang='lat' dir='ltr'><strong>quis</strong></span> <span class='ocrx_word' id='word_1_41' title='bbox 881 680 1002 746; x_wconf 90' lang='lat' dir='ltr'><strong>adiciat</strong></span> <span class='ocrx_word' id='word_1_42' title='bbox 1033 683 1086 746; x_wconf 85' lang='lat' dir='ltr'><strong>uel</strong></span> 
     </span>
     <span class='ocr_line' id='line_1_7' title="bbox 78 765 1087 852; baseline 0.005 -21"><span class='ocrx_word' id='word_1_43' title='bbox 78 788 216 831; x_wconf 90' lang='lat' dir='ltr'><strong>cuorum</strong></span> <span class='ocrx_word' id='word_1_44' title='bbox 239 765 340 830; x_wconf 88' lang='lat' dir='ltr'><strong>trium</strong></span> <span class='ocrx_word' id='word_1_45' title='bbox 363 765 497 850; x_wconf 89' lang='lat' dir='ltr'><strong>lagenae</strong></span> <span class='ocrx_word' id='word_1_46' title='bbox 520 766 671 831; x_wconf 84' lang='lat' dir='ltr'><strong>infundat</strong></span> <span class='ocrx_word' id='word_1_47' title='bbox 693 767 840 832; x_wconf 89' lang='lat' dir='ltr'><strong>alborem</strong></span> <span class='ocrx_word' id='word_1_48' title='bbox 862 767 981 852; x_wconf 90' lang='lat' dir='ltr'><strong>diuque</strong></span> <span class='ocrx_word' id='word_1_49' title='bbox 1002 792 1087 836; x_wconf 90' lang='lat' dir='ltr'><strong>com·</strong></span> 
     </span>
     <span class='ocr_line' id='line_1_8' title="bbox 78 854 1087 941; baseline 0.007 -23"><span class='ocrx_word' id='word_1_50' title='bbox 78 859 222 920; x_wconf 87' lang='lat' dir='ltr'><strong>moneat:</strong></span> <span class='ocrx_word' id='word_1_51' title='bbox 250 855 399 938; x_wconf 73' lang='lat' dir='ltr'><strong>sequenti</strong></span> <span class='ocrx_word' id='word_1_52' title='bbox 421 854 472 920; x_wconf 89' lang='lat' dir='ltr'><strong>die</strong></span> <span class='ocrx_word' id='word_1_53' title='bbox 496 854 669 920; x_wconf 87' lang='lat' dir='ltr'><strong>candidum</strong></span> <span class='ocrx_word' id='word_1_54' title='bbox 696 857 840 940; x_wconf 89' lang='lat' dir='ltr'><strong>reperiri.</strong></span> <span class='ocrx_word' id='word_1_55' title='bbox 882 858 968 941; x_wconf 88' lang='lat' dir='ltr'><strong>quod</strong></span> <span class='ocrx_word' id='word_1_56' title='bbox 995 860 1025 923; x_wconf 90' lang='lat' dir='ltr'><strong>si</strong></span> <span class='ocrx_word' id='word_1_57' title='bbox 1048 882 1087 925; x_wconf 86' lang='lat' dir='ltr'><strong>ex</strong></span> 
     </span>
     <span class='ocr_line' id='line_1_9' title="bbox 77 942 1087 1029; baseline 0.008 -22"><span class='ocrx_word' id='word_1_58' title='bbox 77 943 148 1007; x_wconf 85' lang='lat' dir='ltr'><strong>afra</strong></span> <span class='ocrx_word' id='word_1_59' title='bbox 165 942 237 1027; x_wconf 88' lang='lat' dir='ltr'><strong>pisa</strong></span> <span class='ocrx_word' id='word_1_60' title='bbox 256 944 437 1008; x_wconf 87' lang='lat' dir='ltr'><strong>lomentum</strong></span> <span class='ocrx_word' id='word_1_61' title='bbox 457 943 624 1028; x_wconf 81' lang='lat' dir='ltr'><strong>adiciatur,</strong></span> <span class='ocrx_word' id='word_1_62' title='bbox 643 944 753 1010; x_wconf 88' lang='lat' dir='ltr'><strong>eadem</strong></span> <span class='ocrx_word' id='word_1_63' title='bbox 774 945 824 1009; x_wconf 91' lang='lat' dir='ltr'><strong>dic</strong></span> <span class='ocrx_word' id='word_1_64' title='bbox 843 967 939 1029; x_wconf 88' lang='lat' dir='ltr'><strong>posse</strong></span> <span class='ocrx_word' id='word_1_65' title='bbox 958 949 1087 1015; x_wconf 79' lang='lat' dir='ltr'><strong>mutari</strong></span> 
     </span>
     <span class='ocr_line' id='line_1_10' title="bbox 77 1032 1141 1123; baseline 0.006 -27"><span class='ocrx_word' id='word_1_66' title='bbox 77 1032 201 1096; x_wconf 90' lang='lat' dir='ltr'><strong>uitibus</strong></span> <span class='ocrx_word' id='word_1_67' title='bbox 225 1054 353 1116; x_wconf 88' lang='lat' dir='ltr'><strong>quoque</strong></span> <span class='ocrx_word' id='word_1_68' title='bbox 375 1032 460 1098; x_wconf 88' lang='lat' dir='ltr'><strong>hanc</strong></span> <span class='ocrx_word' id='word_1_69' title='bbox 483 1055 554 1097; x_wconf 88' lang='lat' dir='ltr'><strong>esse</strong></span> <span class='ocrx_word' id='word_1_70' title='bbox 576 1037 736 1117; x_wconf 87' lang='lat' dir='ltr'><strong>naturam,</strong></span> <span class='ocrx_word' id='word_1_71' title='bbox 758 1038 796 1098; x_wconf 85' lang='lat' dir='ltr'><strong>ut</strong></span> <span class='ocrx_word' id='word_1_72' title='bbox 819 1035 894 1098; x_wconf 91' lang='lat' dir='ltr'><strong>alba</strong></span> <span class='ocrx_word' id='word_1_73' title='bbox 912 1036 965 1100; x_wconf 89' lang='lat' dir='ltr'><strong>uel</strong></span> <span class='ocrx_word' id='word_1_74' title='bbox 982 1038 1087 1123; x_wconf 87' lang='lat' dir='ltr'><strong>nigra,</strong></span> <span class='ocrx_word' id='word_1_75' title='bbox 1099 1037 1141 1102; x_wconf 88' lang='lat'><strong>10</strong></span> 
     </span>
     <span class='ocr_line' id='line_1_11' title="bbox 36 1121 1087 1206; baseline 0.002 -18"><span class='ocrx_word' id='word_1_76' title='bbox 36 1121 106 1188; x_wconf 76' lang='lat' dir='ltr'><strong>rosi</strong></span> <span class='ocrx_word' id='word_1_77' title='bbox 128 1121 319 1206; x_wconf 85' lang='lat' dir='ltr'><strong>redigantur</strong></span> <span class='ocrx_word' id='word_1_78' title='bbox 340 1121 376 1185; x_wconf 93' lang='lat' dir='ltr'><strong>in</strong></span> <span class='ocrx_word' id='word_1_79' title='bbox 397 1122 537 1187; x_wconf 88' lang='lat' dir='ltr'><strong>cinerem</strong></span> <span class='ocrx_word' id='word_1_80' title='bbox 555 1122 697 1206; x_wconf 86' lang='lat' dir='ltr'><strong>uinoque</strong></span> <span class='ocrx_word' id='word_1_81' title='bbox 717 1122 906 1206; x_wconf 86' lang='lat' dir='ltr'><strong>adiciantur,</strong></span> <span class='ocrx_word' id='word_1_82' title='bbox 928 1127 959 1189; x_wconf 91' lang='lat' dir='ltr'><strong>ei</strong></span> <span class='ocrx_word' id='word_1_83' title='bbox 977 1147 1087 1190; x_wconf 86' lang='lat' dir='ltr'><strong>unam·</strong></span> 
     </span>
     <span class='ocr_line' id='line_1_12' title="bbox 78 1211 1086 1296; baseline 0.005 -22"><span class='ocrx_word' id='word_1_84' title='bbox 78 1232 239 1294; x_wconf 90' lang='lat' dir='ltr'><strong>quamque</strong></span> <span class='ocrx_word' id='word_1_85' title='bbox 254 1211 393 1275; x_wconf 88' lang='lat' dir='ltr'><strong>formam</strong></span> <span class='ocrx_word' id='word_1_86' title='bbox 411 1211 463 1275; x_wconf 88' lang='lat' dir='ltr'><strong>sui</strong></span> <span class='ocrx_word' id='word_1_87' title='bbox 477 1211 594 1276; x_wconf 90' lang='lat' dir='ltr'><strong>coloris</strong></span> <span class='ocrx_word' id='word_1_88' title='bbox 608 1211 738 1296; x_wconf 85' lang='lat' dir='ltr'><strong>possint</strong></span> <span class='ocrx_word' id='word_1_89' title='bbox 755 1212 918 1296; x_wconf 87' lang='lat' dir='ltr'><strong>inponere,</strong></span> <span class='ocrx_word' id='word_1_90' title='bbox 936 1217 975 1278; x_wconf 91' lang='lat' dir='ltr'><strong>ut</strong></span> <span class='ocrx_word' id='word_1_91' title='bbox 988 1235 1027 1278; x_wconf 87' lang='lat' dir='ltr'><strong>ex</strong></span> <span class='ocrx_word' id='word_1_92' title='bbox 1040 1215 1086 1279; x_wconf 92' lang='lat' dir='ltr'><strong>ni·</strong></span> 
     </span>
     <span class='ocr_line' id='line_1_13' title="bbox 78 1299 1086 1383; baseline 0.005 -20"><span class='ocrx_word' id='word_1_93' title='bbox 78 1319 139 1383; x_wconf 87' lang='lat' dir='ltr'><strong>gra</strong></span> <span class='ocrx_word' id='word_1_94' title='bbox 152 1299 289 1383; x_wconf 89' lang='lat' dir='ltr'><strong>fuscum,</strong></span> <span class='ocrx_word' id='word_1_95' title='bbox 308 1299 478 1363; x_wconf 88' lang='lat' dir='ltr'><strong>candidum</strong></span> <span class='ocrx_word' id='word_1_96' title='bbox 493 1320 570 1364; x_wconf 90' lang='lat' dir='ltr'><strong>uero</strong></span> <span class='ocrx_word' id='word_1_97' title='bbox 585 1301 738 1364; x_wconf 89' lang='lat' dir='ltr'><strong>reddatur</strong></span> <span class='ocrx_word' id='word_1_98' title='bbox 752 1322 791 1365; x_wconf 88' lang='lat' dir='ltr'><strong>ex</strong></span> <span class='ocrx_word' id='word_1_99' title='bbox 806 1302 890 1383; x_wconf 91' lang='lat' dir='ltr'><strong>alba,</strong></span> <span class='ocrx_word' id='word_1_100' title='bbox 909 1323 947 1365; x_wconf 89' lang='lat' dir='ltr'><strong>ea</strong></span> <span class='ocrx_word' id='word_1_101' title='bbox 960 1302 1086 1368; x_wconf 88' lang='lat' dir='ltr'><strong>ratione</strong></span> 
     </span>
     <span class='ocr_line' id='line_1_14' title="bbox 77 1386 1087 1471; baseline 0.004 -19"><span class='ocrx_word' id='word_1_102' title='bbox 77 1386 211 1471; x_wconf 87' lang='lat' dir='ltr'><strong>scilicet,</strong></span> <span class='ocrx_word' id='word_1_103' title='bbox 232 1391 267 1452; x_wconf 89' lang='lat' dir='ltr'><strong>ut</strong></span> <span class='ocrx_word' id='word_1_104' title='bbox 285 1386 438 1453; x_wconf 87' lang='lat' dir='ltr'><strong>conbusti</strong></span> <span class='ocrx_word' id='word_1_105' title='bbox 456 1389 613 1453; x_wconf 84' lang='lat' dir='ltr'><strong>sarmenti</strong></span> <span class='ocrx_word' id='word_1_106' title='bbox 630 1388 747 1454; x_wconf 86' lang='lat' dir='ltr'><strong>cineris</strong></span> <span class='ocrx_word' id='word_1_107' title='bbox 767 1389 867 1454; x_wconf 91' lang='lat' dir='ltr'><strong>modii</strong></span> <span class='ocrx_word' id='word_1_108' title='bbox 885 1391 982 1455; x_wconf 87' lang='lat' dir='ltr'><strong>unius</strong></span> <span class='ocrx_word' id='word_1_109' title='bbox 1001 1414 1087 1456; x_wconf 90' lang='lat' dir='ltr'><strong>men·</strong></span> 
     </span>
     <span class='ocr_line' id='line_1_15' title="bbox 78 1477 1087 1566; baseline 0.005 -25"><span class='ocrx_word' id='word_1_110' title='bbox 78 1498 155 1542; x_wconf 89' lang='lat' dir='ltr'><strong>sura</strong></span> <span class='ocrx_word' id='word_1_111' title='bbox 177 1477 330 1541; x_wconf 88' lang='lat' dir='ltr'><strong>mittatur</strong></span> <span class='ocrx_word' id='word_1_112' title='bbox 352 1477 387 1541; x_wconf 94' lang='lat' dir='ltr'><strong>in</strong></span> <span class='ocrx_word' id='word_1_113' title='bbox 410 1478 512 1563; x_wconf 90' lang='lat' dir='ltr'><strong>dolio,</strong></span> <span class='ocrx_word' id='word_1_114' title='bbox 538 1478 625 1561; x_wconf 91' lang='lat' dir='ltr'><strong>quod</strong></span> <span class='ocrx_word' id='word_1_115' title='bbox 646 1477 781 1544; x_wconf 87' lang='lat' dir='ltr'><strong>habebit</strong></span> <span class='ocrx_word' id='word_1_116' title='bbox 804 1478 945 1544; x_wconf 89' lang='lat' dir='ltr'><strong>amforas</strong></span> <span class='ocrx_word' id='word_1_117' title='bbox 969 1481 1087 1566; x_wconf 89' lang='lat' dir='ltr'><strong>decem,</strong></span> 
     </span>
     <span class='ocr_line' id='line_1_16' title="bbox 35 1565 1087 1650; baseline -0.002 -14"><span class='ocrx_word' id='word_1_118' title='bbox 35 1592 63 1635; x_wconf 76' lang='lat' dir='ltr'><strong>rs</strong></span> <span class='ocrx_word' id='word_1_119' title='bbox 78 1569 112 1630; x_wconf 90' lang='lat' dir='ltr'><strong>et</strong></span> <span class='ocrx_word' id='word_1_120' title='bbox 130 1565 239 1630; x_wconf 89' lang='lat' dir='ltr'><strong>triduo</strong></span> <span class='ocrx_word' id='word_1_121' title='bbox 258 1566 306 1631; x_wconf 90' lang='lat' dir='ltr'><strong>sic</strong></span> <span class='ocrx_word' id='word_1_122' title='bbox 324 1565 476 1630; x_wconf 86' lang='lat' dir='ltr'><strong>relictum</strong></span> <span class='ocrx_word' id='word_1_123' title='bbox 493 1570 571 1650; x_wconf 90' lang='lat' dir='ltr'><strong>post</strong></span> <span class='ocrx_word' id='word_1_124' title='bbox 589 1567 755 1650; x_wconf 89' lang='lat' dir='ltr'><strong>operiatur</strong></span> <span class='ocrx_word' id='word_1_125' title='bbox 769 1590 806 1633; x_wconf 87' lang='lat' dir='ltr'><strong>ao</strong></span> <span class='ocrx_word' id='word_1_126' title='bbox 821 1569 956 1634; x_wconf 87' lang='lat' dir='ltr'><strong>lutetur:</strong></span> <span class='ocrx_word' id='word_1_127' title='bbox 976 1570 1087 1634; x_wconf 86' lang='lat' dir='ltr'><strong>album</strong></span> 
     </span>
     <span class='ocr_line' id='line_1_17' title="bbox 77 1654 1088 1744; baseline 0.005 -25"><span class='ocrx_word' id='word_1_128' title='bbox 77 1655 145 1740; x_wconf 89' lang='lat' dir='ltr'><strong>uel,</strong></span> <span class='ocrx_word' id='word_1_129' title='bbox 167 1655 197 1719; x_wconf 89' lang='lat' dir='ltr'><strong>si</strong></span> <span class='ocrx_word' id='word_1_130' title='bbox 218 1654 266 1719; x_wconf 87' lang='lat' dir='ltr'><strong>ita</strong></span> <span class='ocrx_word' id='word_1_131' title='bbox 290 1655 396 1719; x_wconf 92' lang='lat' dir='ltr'><strong>uisum</strong></span> <span class='ocrx_word' id='word_1_132' title='bbox 419 1655 530 1741; x_wconf 88' lang='lat' dir='ltr'><strong>fuerit,</strong></span> <span class='ocrx_word' id='word_1_133' title='bbox 559 1655 690 1741; x_wconf 88' lang='lat' dir='ltr'><strong>nigrum</strong></span> <span class='ocrx_word' id='word_1_134' title='bbox 713 1657 848 1741; x_wconf 89' lang='lat' dir='ltr'><strong>reperiri</strong></span> <span class='ocrx_word' id='word_1_135' title='bbox 872 1660 1088 1744; x_wconf 87' lang='lat' dir='ltr'><strong>quadraginta</strong></span> 
     </span>
     <span class='ocr_line' id='line_1_18' title="bbox 77 1742 1138 1829; baseline 0.005 -22"><span class='ocrx_word' id='word_1_136' title='bbox 77 1743 191 1808; x_wconf 78' lang='lat' dir='ltr'><strong>diebus</strong></span> <span class='ocrx_word' id='word_1_137' title='bbox 210 1742 343 1808; x_wconf 83' lang='lat' dir='ltr'><strong>exactis.</strong></span> <span class='ocrx_word' id='word_1_138' title='bbox 379 1743 492 1809; x_wconf 90' lang='lat' dir='ltr'><strong>uinum</strong></span> <span class='ocrx_word' id='word_1_139' title='bbox 511 1767 640 1829; x_wconf 90' lang='lat' dir='ltr'><strong>quoque</strong></span> <span class='ocrx_word' id='word_1_140' title='bbox 659 1746 814 1811; x_wconf 87' lang='lat' dir='ltr'><strong>adserunt</strong></span> <span class='ocrx_word' id='word_1_141' title='bbox 833 1769 872 1811; x_wconf 85' lang='lat' dir='ltr'><strong>ex</strong></span> <span class='ocrx_word' id='word_1_142' title='bbox 891 1748 983 1812; x_wconf 93' lang='lat' dir='ltr'><strong>molli</strong></span> <span class='ocrx_word' id='word_1_143' title='bbox 1001 1748 1138 1814; x_wconf 84' lang='lat' dir='ltr'><strong>fortell</strong></span> 
     </span>
     <span class='ocr_line' id='line_1_19' title="bbox 77 1832 1088 1918; baseline 0.007 -22"><span class='ocrx_word' id='word_1_144' title='bbox 77 1832 124 1897; x_wconf 93' lang='lat' dir='ltr'><strong>sic</strong></span> <span class='ocrx_word' id='word_1_145' title='bbox 148 1832 231 1896; x_wconf 88' lang='lat' dir='ltr'><strong>fieri:</strong></span> <span class='ocrx_word' id='word_1_146' title='bbox 255 1833 412 1918; x_wconf 83' lang='lat' dir='ltr'><strong>althaeae,</strong></span> <span class='ocrx_word' id='word_1_147' title='bbox 435 1834 498 1900; x_wconf 90' lang='lat' dir='ltr'><strong>hoc</strong></span> <span class='ocrx_word' id='word_1_148' title='bbox 517 1837 567 1899; x_wconf 87' lang='lat' dir='ltr'><strong>est</strong></span> <span class='ocrx_word' id='word_1_149' title='bbox 585 1835 689 1914; x_wconf 88' lang='lat' dir='ltr'><strong>ibisci,</strong></span> <span class='ocrx_word' id='word_1_150' title='bbox 712 1835 792 1901; x_wconf 86' lang='lat' dir='ltr'><strong>folia</strong></span> <span class='ocrx_word' id='word_1_151' title='bbox 810 1836 863 1901; x_wconf 91' lang='lat' dir='ltr'><strong>uel</strong></span> <span class='ocrx_word' id='word_1_152' title='bbox 882 1837 1006 1902; x_wconf 88' lang='lat' dir='ltr'><strong>radices</strong></span> <span class='ocrx_word' id='word_1_153' title='bbox 1030 1842 1088 1902; x_wconf 88' lang='lat' dir='ltr'><strong>aut</strong></span> 
     </span>
     <span class='ocr_line' id='line_1_20' title="bbox 78 1921 1088 2010; baseline 0.004 -24"><span class='ocrx_word' id='word_1_154' title='bbox 78 1922 147 1986; x_wconf 90' lang='lat' dir='ltr'><strong>eius</strong></span> <span class='ocrx_word' id='word_1_155' title='bbox 172 1921 297 1986; x_wconf 88' lang='lat' dir='ltr'><strong>caulem</strong></span> <span class='ocrx_word' id='word_1_156' title='bbox 320 1927 468 1987; x_wconf 90' lang='lat' dir='ltr'><strong>tenerum</strong></span> <span class='ocrx_word' id='word_1_157' title='bbox 491 1923 660 1988; x_wconf 90' lang='lat' dir='ltr'><strong>decoctum</strong></span> <span class='ocrx_word' id='word_1_158' title='bbox 683 1925 771 1989; x_wconf 87' lang='lat' dir='ltr'><strong>mitti</strong></span> <span class='ocrx_word' id='word_1_159' title='bbox 795 1929 853 1989; x_wconf 88' lang='lat' dir='ltr'><strong>aut</strong></span> <span class='ocrx_word' id='word_1_160' title='bbox 871 1947 1012 2010; x_wconf 88' lang='lat' dir='ltr'><strong>gypsum</strong></span> <span class='ocrx_word' id='word_1_161' title='bbox 1030 1931 1088 1990; x_wconf 90' lang='lat' dir='ltr'><strong>aut</strong></span> 
     </span>
     <span class='ocr_line' id='line_1_21' title="bbox 35 2011 1088 2096; baseline 0 -18"><span class='ocrx_word' id='word_1_162' title='bbox 35 2038 65 2079; x_wconf 73' lang='lat' dir='ltr'><strong>a·</strong></span> <span class='ocrx_word' id='word_1_163' title='bbox 79 2011 192 2075; x_wconf 89' lang='lat' dir='ltr'><strong>ciceris</strong></span> <span class='ocrx_word' id='word_1_164' title='bbox 215 2011 341 2075; x_wconf 88' lang='lat' dir='ltr'><strong>cotulas</strong></span> <span class='ocrx_word' id='word_1_165' title='bbox 365 2012 444 2076; x_wconf 89' lang='lat' dir='ltr'><strong>dnas</strong></span> <span class='ocrx_word' id='word_1_166' title='bbox 469 2016 526 2075; x_wconf 92' lang='lat' dir='ltr'><strong>aut</strong></span> <span class='ocrx_word' id='word_1_167' title='bbox 544 2012 688 2095; x_wconf 86' lang='lat' dir='ltr'><strong>cupressi</strong></span> <span class='ocrx_word' id='word_1_168' title='bbox 706 2013 825 2096; x_wconf 88' lang='lat' dir='ltr'><strong>pilulas</strong></span> <span class='ocrx_word' id='word_1_169' title='bbox 849 2017 915 2077; x_wconf 91' lang='lat' dir='ltr'><strong>tres</strong></span> <span class='ocrx_word' id='word_1_170' title='bbox 935 2019 992 2078; x_wconf 87' lang='lat' dir='ltr'><strong>aut</strong></span> <span class='ocrx_word' id='word_1_171' title='bbox 1010 2015 1088 2078; x_wconf 88' lang='lat' dir='ltr'><strong>buxi</strong></span> 
     </span>
     <span class='ocr_line' id='line_1_22' title="bbox 77 2099 1088 2184; baseline 0.003 -21"><span class='ocrx_word' id='word_1_172' title='bbox 77 2099 172 2183; x_wconf 87' lang='lat' dir='ltr'><strong>folia,</strong></span> <span class='ocrx_word' id='word_1_173' title='bbox 203 2103 363 2183; x_wconf 89' lang='lat' dir='ltr'><strong>quantum</strong></span> <span class='ocrx_word' id='word_1_174' title='bbox 390 2122 505 2164; x_wconf 90' lang='lat' dir='ltr'><strong>manus</strong></span> <span class='ocrx_word' id='word_1_175' title='bbox 534 2101 669 2184; x_wconf 88' lang='lat' dir='ltr'><strong>ceperit,</strong></span> <span class='ocrx_word' id='word_1_176' title='bbox 701 2107 759 2164; x_wconf 88' lang='lat' dir='ltr'><strong>aut</strong></span> <span class='ocrx_word' id='word_1_177' title='bbox 791 2100 857 2184; x_wconf 90' lang='lat' dir='ltr'><strong>apii</strong></span> <span class='ocrx_word' id='word_1_178' title='bbox 889 2123 998 2166; x_wconf 88' lang='lat' dir='ltr'><strong>semen</strong></span> <span class='ocrx_word' id='word_1_179' title='bbox 1030 2107 1088 2166; x_wconf 89' lang='lat' dir='ltr'><strong>aut</strong></span> 
     </span>
     <span class='ocr_line' id='line_1_23' title="bbox 77 2189 1087 2273; baseline 0.002 -21"><span class='ocrx_word' id='word_1_180' title='bbox 77 2189 218 2253; x_wconf 86' lang='lat' dir='ltr'><strong>cinerem</strong></span> <span class='ocrx_word' id='word_1_181' title='bbox 247 2194 498 2273; x_wconf 86' lang='lat' dir='ltr'><strong>sarmentorum,</strong></span> <span class='ocrx_word' id='word_1_182' title='bbox 531 2191 583 2253; x_wconf 93' lang='lat' dir='ltr'><strong>cui</strong></span> <span class='ocrx_word' id='word_1_183' title='bbox 616 2189 666 2253; x_wconf 90' lang='lat' dir='ltr'><strong>uis</strong></span> <span class='ocrx_word' id='word_1_184' title='bbox 694 2189 843 2253; x_wconf 83' lang='lat' dir='ltr'><strong>flammae</strong></span> <span class='ocrx_word' id='word_1_185' title='bbox 871 2212 988 2272; x_wconf 87' lang='lat' dir='ltr'><strong>corpus</strong></span> <span class='ocrx_word' id='word_1_186' title='bbox 1016 2191 1087 2254; x_wconf 90' lang='lat' dir='ltr'><strong>reli·</strong></span> 
     </span>
    </p>
   </div>
   <div class='ocr_carea' id='block_1_3' title="bbox 77 2325 1090 3604">
    <p class='ocr_par' dir='ltr' id='par_1_3' title="bbox 77 2325 1090 3604">
     <span class='ocr_line' id='line_1_24' title="bbox 150 2325 1089 2399; baseline 0.004 -19"><span class='ocrx_word' id='word_1_187' title='bbox 150 2331 164 2380; x_wconf 95' lang='lat'>1</span> <span class='ocrx_word' id='word_1_188' title='bbox 189 2325 364 2396; x_wconf 73' lang='lat' dir='ltr'><strong>glycyridiae</strong></span> <span class='ocrx_word' id='word_1_189' title='bbox 387 2327 421 2395; x_wconf 98' lang='lat' dir='ltr'><strong>P,</strong></span> <span class='ocrx_word' id='word_1_190' title='bbox 444 2325 611 2397; x_wconf 84' lang='lat' dir='ltr'><strong>glyciridiae</strong></span> <span class='ocrx_word' id='word_1_191' title='bbox 633 2327 753 2394; x_wconf 80' lang='lat' dir='ltr'><strong>LVTc&#39;,</strong></span> <span class='ocrx_word' id='word_1_192' title='bbox 777 2325 952 2396; x_wconf 85' lang='lat' dir='ltr'><strong>glycuridiae</strong></span> <span class='ocrx_word' id='word_1_193' title='bbox 972 2328 1010 2396; x_wconf 93' lang='lat' dir='ltr'><strong>G,</strong></span> <span class='ocrx_word' id='word_1_194' title='bbox 1035 2328 1089 2399; x_wconf 54' lang='lat' dir='ltr'><strong>gli&lt;-</strong></span> 
     </span>
     <span class='ocr_line' id='line_1_25' title="bbox 77 2395 1089 2479; baseline 0.004 -28"><span class='ocrx_word' id='word_1_195' title='bbox 77 2395 196 2452; x_wconf 87' lang='lat' dir='ltr'><strong>ciridiae</strong></span> <span class='ocrx_word' id='word_1_196' title='bbox 214 2397 248 2466; x_wconf 83' lang='lat' dir='ltr'><strong>S,</strong></span> <span class='ocrx_word' id='word_1_197' title='bbox 272 2396 413 2479; x_wconf 80' lang='lat' dir='ltr'><strong>glioiridie</strong></span> <span class='ocrx_word' id='word_1_198' title='bbox 432 2398 472 2465; x_wconf 85' lang='lat' dir='ltr'><strong>E,</strong></span> <span class='ocrx_word' id='word_1_199' title='bbox 496 2396 635 2466; x_wconf 85' lang='lat' dir='ltr'><strong>liquiricio</strong></span> <span class='ocrx_word' id='word_1_200' title='bbox 654 2399 690 2465; x_wconf 83' lang='lat' dir='ltr'><strong>F,</strong></span> <span class='ocrx_word' id='word_1_201' title='bbox 719 2396 870 2468; x_wconf 84' lang='lat' dir='ltr'><strong>glycirizas</strong></span> <span class='ocrx_word' id='word_1_202' title='bbox 888 2416 918 2468; x_wconf 85' lang='lat' dir='ltr'><strong>a,</strong></span> <span class='ocrx_word' id='word_1_203' title='bbox 947 2399 1089 2469; x_wconf 84' lang='lat' dir='ltr'><strong>glycyrhi-</strong></span> 
     </span>
     <span class='ocr_line' id='line_1_26' title="bbox 78 2467 1073 2540; baseline 0.005 -19"><span class='ocrx_word' id='word_1_204' title='bbox 78 2484 128 2522; x_wconf 81' lang='lat' dir='ltr'><strong>aaa</strong></span> <span class='ocrx_word' id='word_1_205' title='bbox 138 2485 193 2539; x_wconf 73' lang='lat' dir='ltr'><strong>cys</strong></span> <span class='ocrx_word' id='word_1_206' title='bbox 204 2467 209 2540; x_wconf 76' lang='grc' dir='ltr'>Ι</span> <span class='ocrx_word' id='word_1_207' title='bbox 220 2471 302 2524; x_wconf 81' lang='lat' dir='ltr'><strong>untra</strong></span> <span class='ocrx_word' id='word_1_208' title='bbox 310 2470 345 2537; x_wconf 92' lang='lat' dir='ltr'><strong>L,</strong></span> <span class='ocrx_word' id='word_1_209' title='bbox 360 2486 410 2523; x_wconf 88' lang='lat' dir='ltr'><strong>om.</strong></span> <span class='ocrx_word' id='word_1_210' title='bbox 417 2487 439 2538; x_wconf 79' lang='lat' dir='ltr'><strong>p</strong></span> <span class='ocrx_word' id='word_1_211' title='bbox 452 2471 462 2538; x_wconf 87' lang='grc' dir='ltr'><strong>ΙΙ</strong></span> <span class='ocrx_word' id='word_1_212' title='bbox 476 2475 491 2521; x_wconf 99' lang='grc'>2</span> <span class='ocrx_word' id='word_1_213' title='bbox 506 2468 627 2538; x_wconf 87' lang='lat' dir='ltr'><strong>epatites</strong></span> <span class='ocrx_word' id='word_1_214' title='bbox 637 2469 720 2537; x_wconf 80' lang='lat' dir='ltr'><strong>PGc&#39;,</strong></span> <span class='ocrx_word' id='word_1_215' title='bbox 736 2468 840 2538; x_wconf 87' lang='lat' dir='ltr'><strong>epatici</strong></span> <span class='ocrx_word' id='word_1_216' title='bbox 850 2488 876 2537; x_wconf 90' lang='lat' dir='ltr'><strong>a,</strong></span> <span class='ocrx_word' id='word_1_217' title='bbox 891 2470 1073 2539; x_wconf 80' lang='lat' dir='ltr'><strong>epaticnmE</strong></span> 
     </span>
     <span class='ocr_line' id='line_1_27' title="bbox 77 2538 1066 2611; baseline 0.006 -19"><span class='ocrx_word' id='word_1_218' title='bbox 77 2538 223 2609; x_wconf 87' lang='lat' dir='ltr'><strong>hepatices</strong></span> <span class='ocrx_word' id='word_1_219' title='bbox 238 2539 335 2594; x_wconf 88' lang='lat' dir='ltr'><strong>uncias</strong></span> <span class='ocrx_word' id='word_1_220' title='bbox 350 2540 421 2593; x_wconf 88' lang='lat' dir='ltr'><strong>duas</strong></span> <span class='ocrx_word' id='word_1_221' title='bbox 435 2557 484 2595; x_wconf 88' lang='lat' dir='ltr'><strong>om.</strong></span> <span class='ocrx_word' id='word_1_222' title='bbox 496 2558 519 2609; x_wconf 79' lang='lat' dir='ltr'><strong>p</strong></span> <span class='ocrx_word' id='word_1_223' title='bbox 534 2543 538 2611; x_wconf 91' lang='grc' dir='ltr'>Ι</span> <span class='ocrx_word' id='word_1_224' title='bbox 554 2541 657 2594; x_wconf 89' lang='lat' dir='ltr'><strong>tundas</strong></span> <span class='ocrx_word' id='word_1_225' title='bbox 676 2540 707 2608; x_wconf 85' lang='lat' dir='ltr'><strong>V,</strong></span> <span class='ocrx_word' id='word_1_226' title='bbox 721 2539 815 2594; x_wconf 85' lang='lat' dir='ltr'><strong>tendis</strong></span> <span class='ocrx_word' id='word_1_227' title='bbox 826 2558 856 2609; x_wconf 81' lang='lat' dir='ltr'><strong>p,</strong></span> <span class='ocrx_word' id='word_1_228' title='bbox 875 2541 971 2594; x_wconf 87' lang='lat' dir='ltr'><strong>tundis</strong></span> <span class='ocrx_word' id='word_1_229' title='bbox 986 2544 1066 2598; x_wconf 80' lang='lat' dir='ltr'><strong>ceteri</strong></span> 
     </span>
     <span class='ocr_line' id='line_1_28' title="bbox 79 2611 1079 2682; baseline 0.005 -19"><span class='ocrx_word' id='word_1_230' title='bbox 79 2613 108 2664; x_wconf 89' lang='lat' dir='ltr'><strong>et</strong></span> <span class='ocrx_word' id='word_1_231' title='bbox 127 2626 223 2664; x_wconf 89' lang='lat' dir='ltr'><strong>cernes</strong></span> <span class='ocrx_word' id='word_1_232' title='bbox 241 2627 291 2665; x_wconf 85' lang='lat' dir='ltr'><strong>om.</strong></span> <span class='ocrx_word' id='word_1_233' title='bbox 307 2629 343 2680; x_wconf 86' lang='lat' dir='ltr'><strong>p,</strong></span> <span class='ocrx_word' id='word_1_234' title='bbox 362 2614 391 2664; x_wconf 93' lang='lat' dir='ltr'><strong>et</strong></span> <span class='ocrx_word' id='word_1_235' title='bbox 409 2611 499 2665; x_wconf 89' lang='lat' dir='ltr'><strong>cernis</strong></span> <span class='ocrx_word' id='word_1_236' title='bbox 518 2613 579 2666; x_wconf 78' lang='lat' dir='ltr'><strong>hab.</strong></span> <span class='ocrx_word' id='word_1_237' title='bbox 598 2611 679 2666; x_wconf 80' lang='lat' dir='ltr'><strong>ceteri</strong></span> <span class='ocrx_word' id='word_1_238' title='bbox 700 2614 710 2681; x_wconf 79' lang='grc' dir='ltr'><strong>ΙΙ</strong></span> <span class='ocrx_word' id='word_1_239' title='bbox 733 2617 749 2664; x_wconf 85' lang='grc'><strong>3</strong></span> <span class='ocrx_word' id='word_1_240' title='bbox 768 2611 871 2666; x_wconf 90' lang='lat' dir='ltr'><strong>coclias</strong></span> <span class='ocrx_word' id='word_1_241' title='bbox 890 2612 924 2682; x_wconf 93' lang='lat' dir='ltr'><strong>P,</strong></span> <span class='ocrx_word' id='word_1_242' title='bbox 944 2613 1034 2667; x_wconf 89' lang='lat' dir='ltr'><strong>coclia</strong></span> <span class='ocrx_word' id='word_1_243' title='bbox 1052 2615 1079 2668; x_wconf 87' lang='lat' dir='ltr'><strong><em>L</em></strong></span> 
     </span>
     <span class='ocr_line' id='line_1_29' title="bbox 79 2659 1087 2758; baseline 0.004 -22"><span class='ocrx_word' id='word_1_244' title='bbox 79 2679 218 2736; x_wconf 85' lang='lat' dir='ltr'><strong>coclearia</strong></span> <span class='ocrx_word' id='word_1_245' title='bbox 236 2682 293 2737; x_wconf 90' lang='lat' dir='ltr'><strong>VG</strong></span> <span class='ocrx_word' id='word_1_246' title='bbox 345 2682 474 2736; x_wconf 88' lang='lat' dir='ltr'><strong>recondis</strong></span> <span class='ocrx_word' id='word_1_247' title='bbox 492 2682 542 2750; x_wconf 76' lang='lat' dir='ltr'><strong>V&#39;,</strong></span> <span class='ocrx_word' id='word_1_248' title='bbox 560 2683 681 2737; x_wconf 88' lang='lat' dir='ltr'><strong>reconde</strong></span> <span class='ocrx_word' id='word_1_249' title='bbox 699 2685 779 2737; x_wconf 76' lang='lat' dir='ltr'><strong>ceteri</strong></span> <span class='ocrx_word' id='word_1_250' title='bbox 800 2685 810 2753; x_wconf 84' lang='grc' dir='ltr'><strong>ΙΙ</strong></span> <span class='ocrx_word' id='word_1_251' title='bbox 836 2689 853 2735; x_wconf 83' lang='grc'>4</span> <span class='ocrx_word' id='word_1_252' title='bbox 871 2682 952 2752; x_wconf 89' lang='lat' dir='ltr'><strong>ponis</strong></span> <span class='ocrx_word' id='word_1_253' title='bbox 971 2701 1062 2740; x_wconf 78' lang='lat' dir='ltr'><strong>omncs</strong></span> <span class='ocrx_word' id='word_1_254' title='bbox 1080 2659 1087 2758; x_wconf 75' lang='grc'>1</span> 
     </span>
     <span class='ocr_line' id='line_1_30' title="bbox 79 2752 1089 2824; baseline 0.001 -17"><span class='ocrx_word' id='word_1_255' title='bbox 79 2752 201 2820; x_wconf 87' lang='lat' dir='ltr'><strong>colorem</strong></span> <span class='ocrx_word' id='word_1_256' title='bbox 218 2769 303 2822; x_wconf 73' lang='lat' dir='ltr'><strong>ceap</strong></span> <span class='ocrx_word' id='word_1_257' title='bbox 339 2753 436 2806; x_wconf 92' lang='lat' dir='ltr'><strong>uinum</strong></span> <span class='ocrx_word' id='word_1_258' title='bbox 450 2771 473 2822; x_wconf 80' lang='lat' dir='ltr'><strong>p</strong></span> <span class='ocrx_word' id='word_1_259' title='bbox 488 2757 492 2824; x_wconf 91' lang='grc' dir='ltr'>Ι</span> <span class='ocrx_word' id='word_1_260' title='bbox 508 2771 605 2808; x_wconf 88' lang='lat' dir='ltr'><strong>musca</strong></span> <span class='ocrx_word' id='word_1_261' title='bbox 617 2755 648 2807; x_wconf 85' lang='lat' dir='ltr'><em>E</em></span> <span class='ocrx_word' id='word_1_262' title='bbox 662 2757 666 2823; x_wconf 90' lang='grc' dir='ltr'>Ι</span> <span class='ocrx_word' id='word_1_263' title='bbox 682 2753 786 2807; x_wconf 86' lang='lat' dir='ltr'><strong>mutari</strong></span> <span class='ocrx_word' id='word_1_264' title='bbox 806 2758 934 2808; x_wconf 86' lang='lat' dir='ltr'><strong>asserunt</strong></span> <span class='ocrx_word' id='word_1_265' title='bbox 952 2757 994 2824; x_wconf 84' lang='lat' dir='ltr'><strong>ia,</strong></span> <span class='ocrx_word' id='word_1_266' title='bbox 1015 2771 1089 2808; x_wconf 88' lang='lat' dir='ltr'><strong>asse-</strong></span> 
     </span>
     <span class='ocr_line' id='line_1_31' title="bbox 77 2822 1089 2895; baseline 0.003 -18"><span class='ocrx_word' id='word_1_267' title='bbox 77 2825 146 2878; x_wconf 89' lang='lat' dir='ltr'><strong>runt</strong></span> <span class='ocrx_word' id='word_1_268' title='bbox 163 2825 227 2878; x_wconf 76' lang='lat' dir='ltr'><strong>incl.</strong></span> <span class='ocrx_word' id='word_1_269' title='bbox 244 2841 299 2895; x_wconf 75' lang='lat' dir='ltr'><strong>cys</strong></span> <span class='ocrx_word' id='word_1_270' title='bbox 323 2827 335 2894; x_wconf 72' lang='lat' dir='ltr'><strong>ll</strong></span> <span class='ocrx_word' id='word_1_271' title='bbox 361 2830 377 2878; x_wconf 82' lang='grc' dir='ltr'><strong>ὁ</strong></span> <span class='ocrx_word' id='word_1_272' title='bbox 404 2822 428 2877; x_wconf 88' lang='lat' dir='ltr'><strong>si</strong></span> <span class='ocrx_word' id='word_1_273' title='bbox 450 2823 514 2893; x_wconf 90' lang='lat' dir='ltr'><strong>quis</strong></span> <span class='ocrx_word' id='word_1_274' title='bbox 536 2842 654 2879; x_wconf 88' lang='lat' dir='ltr'><strong>cuorum</strong></span> <span class='ocrx_word' id='word_1_275' title='bbox 671 2824 758 2878; x_wconf 83' lang='lat' dir='ltr'><strong>trium</strong></span> <span class='ocrx_word' id='word_1_276' title='bbox 775 2824 937 2894; x_wconf 84' lang='lat' dir='ltr'><strong>albuginem</strong></span> <span class='ocrx_word' id='word_1_277' title='bbox 956 2825 1089 2880; x_wconf 89' lang='lat' dir='ltr'><strong>infundat</strong></span> 
     </span>
     <span class='ocr_line' id='line_1_32' title="bbox 80 2894 1086 2967; baseline 0.002 -19"><span class='ocrx_word' id='word_1_278' title='bbox 80 2894 185 2963; x_wconf 87' lang='lat' dir='ltr'><strong>dinque</strong></span> <span class='ocrx_word' id='word_1_279' title='bbox 200 2913 223 2964; x_wconf 84' lang='lat' dir='ltr'><strong>p</strong></span> <span class='ocrx_word' id='word_1_280' title='bbox 238 2896 242 2964; x_wconf 89' lang='grc' dir='ltr'>Ι</span> <span class='ocrx_word' id='word_1_281' title='bbox 259 2895 358 2949; x_wconf 87' lang='lat' dir='ltr'><strong>audiat</strong></span> <span class='ocrx_word' id='word_1_282' title='bbox 375 2897 402 2950; x_wconf 88' lang='lat' dir='ltr'><strong><em>L</em></strong></span> <span class='ocrx_word' id='word_1_283' title='bbox 415 2897 455 2965; x_wconf 67' lang='lat' dir='ltr'><strong>llss</strong></span> <span class='ocrx_word' id='word_1_284' title='bbox 474 2895 588 2949; x_wconf 93' lang='lat' dir='ltr'><strong>obolum</strong></span> <span class='ocrx_word' id='word_1_285' title='bbox 605 2897 632 2949; x_wconf 92' lang='lat' dir='ltr'><strong><em>L</em></strong></span> <span class='ocrx_word' id='word_1_286' title='bbox 648 2898 652 2964; x_wconf 88' lang='grc' dir='ltr'>Ι</span> <span class='ocrx_word' id='word_1_287' title='bbox 667 2896 790 2965; x_wconf 84' lang='lat' dir='ltr'><strong>lagunas</strong></span> <span class='ocrx_word' id='word_1_288' title='bbox 808 2896 878 2962; x_wconf 93' lang='lat' dir='ltr'><strong>PL,</strong></span> <span class='ocrx_word' id='word_1_289' title='bbox 897 2896 1036 2967; x_wconf 83' lang='lat' dir='ltr'><strong>laguenas</strong></span> <span class='ocrx_word' id='word_1_290' title='bbox 1055 2897 1086 2964; x_wconf 82' lang='lat' dir='ltr'><strong>V,</strong></span> 
     </span>
     <span class='ocr_line' id='line_1_33' title="bbox 78 2965 1088 3048; baseline 0.002 -30"><span class='ocrx_word' id='word_1_291' title='bbox 78 2965 200 3036; x_wconf 86' lang='lat' dir='ltr'><strong>laguena</strong></span> <span class='ocrx_word' id='word_1_292' title='bbox 216 2966 250 3035; x_wconf 91' lang='lat' dir='ltr'><strong>G,</strong></span> <span class='ocrx_word' id='word_1_293' title='bbox 268 2966 369 3047; x_wconf 82' lang='lat' dir='ltr'><strong>lagena</strong></span> <span class='ocrx_word' id='word_1_294' title='bbox 390 2967 421 3034; x_wconf 84' lang='grc' dir='ltr'><strong>Τ,</strong></span> <span class='ocrx_word' id='word_1_295' title='bbox 439 2967 576 3035; x_wconf 85' lang='lat' dir='ltr'><strong>lagoenae</strong></span> <span class='ocrx_word' id='word_1_296' title='bbox 595 2985 656 3038; x_wconf 71' lang='lat' dir='ltr'><strong>cys,</strong></span> <span class='ocrx_word' id='word_1_297' title='bbox 677 2966 839 3036; x_wconf 88' lang='lat' dir='ltr'><strong>albuginem</strong></span> <span class='ocrx_word' id='word_1_298' title='bbox 853 2967 884 3020; x_wconf 84' lang='grc' dir='ltr'><em>Ε</em></span> <span class='ocrx_word' id='word_1_299' title='bbox 894 2970 933 3037; x_wconf 74' lang='grc' dir='ltr'><strong>ΙΙῚ</strong></span> <span class='ocrx_word' id='word_1_300' title='bbox 952 2966 1088 3048; x_wconf 88' lang='lat' dir='ltr'><strong>repperiri</strong></span> 
     </span>
     <span class='ocr_line' id='line_1_34' title="bbox 80 3037 1089 3108; baseline 0.001 -18"><span class='ocrx_word' id='word_1_301' title='bbox 80 3037 180 3104; x_wconf 87' lang='lat' dir='ltr'><strong>PVF,</strong></span> <span class='ocrx_word' id='word_1_302' title='bbox 198 3037 334 3106; x_wconf 88' lang='lat' dir='ltr'><strong>reppenri</strong></span> <span class='ocrx_word' id='word_1_303' title='bbox 348 3037 475 3106; x_wconf 90' lang='lat' dir='ltr'><strong>sequenti</strong></span> <span class='ocrx_word' id='word_1_304' title='bbox 486 3037 531 3091; x_wconf 90' lang='lat' dir='ltr'><strong>die</strong></span> <span class='ocrx_word' id='word_1_305' title='bbox 546 3038 705 3096; x_wconf 82' lang='lat' dir='ltr'><strong>candidum.</strong></span> <span class='ocrx_word' id='word_1_306' title='bbox 726 3037 806 3102; x_wconf 81' lang='lat' dir='ltr'><strong>Quod</strong></span> <span class='ocrx_word' id='word_1_307' title='bbox 817 3038 844 3093; x_wconf 91' lang='lat' dir='ltr'><strong>G</strong></span> <span class='ocrx_word' id='word_1_308' title='bbox 858 3040 863 3108; x_wconf 87' lang='grc' dir='ltr'>Ι</span> <span class='ocrx_word' id='word_1_309' title='bbox 879 3039 955 3106; x_wconf 89' lang='lat' dir='ltr'><strong>quod</strong></span> <span class='ocrx_word' id='word_1_310' title='bbox 970 3055 1089 3091; x_wconf 83' lang='lat' dir='ltr'><strong>sr—mn·</strong></span> 
     </span>
     <span class='ocr_line' id='line_1_35' title="bbox 79 3107 1088 3179; baseline 0.003 -18"><span class='ocrx_word' id='word_1_311' title='bbox 79 3107 136 3161; x_wconf 89' lang='lat' dir='ltr'><strong>tari</strong></span> <span class='ocrx_word' id='word_1_312' title='bbox 154 3125 205 3162; x_wconf 83' lang='lat' dir='ltr'><strong>om.</strong></span> <span class='ocrx_word' id='word_1_313' title='bbox 216 3126 238 3177; x_wconf 79' lang='lat' dir='ltr'><strong>p</strong></span> <span class='ocrx_word' id='word_1_314' title='bbox 251 3110 290 3178; x_wconf 73' lang='lat' dir='ltr'><strong>llss</strong></span> <span class='ocrx_word' id='word_1_315' title='bbox 309 3109 389 3162; x_wconf 89' lang='lat' dir='ltr'><strong>afara</strong></span> <span class='ocrx_word' id='word_1_316' title='bbox 403 3109 433 3163; x_wconf 85' lang='lat' dir='ltr'><em>E</em></span> <span class='ocrx_word' id='word_1_317' title='bbox 445 3112 454 3178; x_wconf 86' lang='grc' dir='ltr'><strong>ΙΙ</strong></span> <span class='ocrx_word' id='word_1_318' title='bbox 469 3114 502 3162; x_wconf 93' lang='grc'><strong>10</strong></span> <span class='ocrx_word' id='word_1_319' title='bbox 520 3108 700 3179; x_wconf 91' lang='lat' dir='ltr'><strong>imponantur</strong></span> <span class='ocrx_word' id='word_1_320' title='bbox 713 3127 767 3179; x_wconf 81' lang='lat' dir='ltr'><strong>pro</strong></span> <span class='ocrx_word' id='word_1_321' title='bbox 784 3107 975 3178; x_wconf 83' lang='lat' dir='ltr'><strong>adicianturp</strong></span> <span class='ocrx_word' id='word_1_322' title='bbox 1011 3126 1088 3164; x_wconf 90' lang='lat' dir='ltr'><strong>nmo-</strong></span> 
     </span>
     <span class='ocr_line' id='line_1_36' title="bbox 79 3178 1090 3262; baseline 0.002 -30"><span class='ocrx_word' id='word_1_323' title='bbox 79 3195 191 3248; x_wconf 89' lang='lat' dir='ltr'><strong>qnoque</strong></span> <span class='ocrx_word' id='word_1_324' title='bbox 210 3180 245 3244; x_wconf 93' lang='lat' dir='ltr'><strong>L,</strong></span> <span class='ocrx_word' id='word_1_325' title='bbox 264 3178 337 3260; x_wconf 37' lang='lat' dir='ltr'><strong>uino·</strong></span> <span class='ocrx_word' id='word_1_326' title='bbox 348 3196 460 3249; x_wconf 90' lang='lat' dir='ltr'><strong>quoqne</strong></span> <span class='ocrx_word' id='word_1_327' title='bbox 477 3181 529 3249; x_wconf 87' lang='grc' dir='ltr'><strong>ΕΙΙ</strong></span> <span class='ocrx_word' id='word_1_328' title='bbox 544 3187 574 3262; x_wconf 65' lang='lat' dir='ltr'><strong>tl</strong></span> <span class='ocrx_word' id='word_1_329' title='bbox 594 3179 704 3250; x_wconf 87' lang='lat' dir='ltr'><strong>possint</strong></span> <span class='ocrx_word' id='word_1_330' title='bbox 721 3197 771 3235; x_wconf 87' lang='lat' dir='ltr'><strong>om.</strong></span> <span class='ocrx_word' id='word_1_331' title='bbox 787 3196 876 3235; x_wconf 77' lang='lat' dir='ltr'><strong>omncs</strong></span> <span class='ocrx_word' id='word_1_332' title='bbox 892 3181 896 3250; x_wconf 90' lang='grc' dir='ltr'>Ι</span> <span class='ocrx_word' id='word_1_333' title='bbox 913 3183 979 3233; x_wconf 93' lang='lat' dir='ltr'><strong>ut-</strong></span> <span class='ocrx_word' id='word_1_334' title='bbox 1012 3196 1090 3261; x_wconf 83' lang='lat' dir='ltr'><strong>scum</strong></span> 
     </span>
     <span class='ocr_line' id='line_1_37' title="bbox 79 3250 1090 3403; baseline 0.001 -28"><span class='ocrx_word' id='word_1_335' title='bbox 79 3266 173 3375; x_wconf 62' lang='lat' dir='ltr'><strong>bl</strong></span> <span class='ocrx_word' id='word_1_336' title='bbox 190 3253 201 3391; x_wconf 75' lang='lat' dir='ltr'><strong>&#39;l</strong></span> <span class='ocrx_word' id='word_1_337' title='bbox 225 3250 658 3391; x_wconf 57' lang='lat' dir='ltr'><strong>{iellllmziabiltllrb,&#39;¹</strong></span> <span class='ocrx_word' id='word_1_338' title='bbox 672 3253 883 3403; x_wconf 53' lang='lat' dir='ltr'><strong>Jlrndlt</strong></span> <span class='ocrx_word' id='word_1_339' title='bbox 901 3250 1090 3392; x_wconf 61' lang='lat' dir='ltr'><strong>lia&#39;dsslssl</strong></span> 
     </span>
     <span class='ocr_line' id='line_1_38' title="bbox 80 3391 1087 3476; baseline 0.004 -31"><span class='ocrx_word' id='word_1_340' title='bbox 80 3391 130 3445; x_wconf 89' lang='lat' dir='ltr'><strong>riri</strong></span> <span class='ocrx_word' id='word_1_341' title='bbox 148 3393 175 3446; x_wconf 90' lang='lat' dir='ltr'><strong><em>V</em></strong></span> <span class='ocrx_word' id='word_1_342' title='bbox 193 3395 203 3463; x_wconf 80' lang='grc' dir='ltr'><strong>ΙΙ</strong></span> <span class='ocrx_word' id='word_1_343' title='bbox 227 3399 259 3446; x_wconf 83' lang='grc'><strong>18</strong></span> <span class='ocrx_word' id='word_1_344' title='bbox 279 3393 392 3446; x_wconf 89' lang='lat' dir='ltr'><strong>altheae</strong></span> <span class='ocrx_word' id='word_1_345' title='bbox 410 3410 499 3448; x_wconf 31' lang='lat' dir='ltr'><strong>omvacs</strong></span> <span class='ocrx_word' id='word_1_346' title='bbox 524 3395 528 3463; x_wconf 78' lang='lat' dir='ltr'><strong>l</strong></span> <span class='ocrx_word' id='word_1_347' title='bbox 553 3393 635 3448; x_wconf 88' lang='lat' dir='ltr'><strong>iuisci</strong></span> <span class='ocrx_word' id='word_1_348' title='bbox 655 3395 682 3449; x_wconf 90' lang='lat' dir='ltr'><strong>G</strong></span> <span class='ocrx_word' id='word_1_349' title='bbox 703 3399 712 3465; x_wconf 80' lang='grc' dir='ltr'><strong>ΙΙ</strong></span> <span class='ocrx_word' id='word_1_350' title='bbox 741 3398 773 3446; x_wconf 90' lang='grc'><strong>19</strong></span> <span class='ocrx_word' id='word_1_351' title='bbox 797 3395 951 3447; x_wconf 86' lang='lat' dir='ltr'><strong>erus-aut</strong></span> <span class='ocrx_word' id='word_1_352' title='bbox 969 3410 1018 3448; x_wconf 89' lang='lat' dir='ltr'><strong>om.</strong></span> <span class='ocrx_word' id='word_1_353' title='bbox 1034 3395 1087 3476; x_wconf 73' lang='grc' dir='ltr'><strong>ΕῙ</strong></span> 
     </span>
     <span class='ocr_line' id='line_1_39' title="bbox 80 3462 1090 3535; baseline 0.002 -18"><span class='ocrx_word' id='word_1_354' title='bbox 80 3462 193 3533; x_wconf 90' lang='lat' dir='ltr'><strong>gipsum</strong></span> <span class='ocrx_word' id='word_1_355' title='bbox 211 3464 265 3518; x_wconf 83' lang='lat' dir='ltr'><strong>PS</strong></span> <span class='ocrx_word' id='word_1_356' title='bbox 284 3467 294 3534; x_wconf 74' lang='grc' dir='ltr'><strong>ΙΙ</strong></span> <span class='ocrx_word' id='word_1_357' title='bbox 317 3470 350 3517; x_wconf 88' lang='grc'><strong>20</strong></span> <span class='ocrx_word' id='word_1_358' title='bbox 368 3464 479 3534; x_wconf 85' lang='lat' dir='ltr'><strong>pipulas</strong></span> <span class='ocrx_word' id='word_1_359' title='bbox 498 3466 529 3518; x_wconf 88' lang='grc' dir='ltr'><em>Ε</em></span> <span class='ocrx_word' id='word_1_360' title='bbox 550 3467 559 3535; x_wconf 91' lang='grc' dir='ltr'><strong>ΙΙ</strong></span> <span class='ocrx_word' id='word_1_361' title='bbox 582 3472 614 3520; x_wconf 90' lang='grc'><strong>21</strong></span> <span class='ocrx_word' id='word_1_362' title='bbox 634 3466 725 3520; x_wconf 89' lang='lat' dir='ltr'><strong>maius</strong></span> <span class='ocrx_word' id='word_1_363' title='bbox 743 3467 771 3520; x_wconf 91' lang='lat' dir='ltr'><strong><em>L</em></strong></span> <span class='ocrx_word' id='word_1_364' title='bbox 793 3467 803 3534; x_wconf 87' lang='grc' dir='ltr'><strong>ΙΙ</strong></span> <span class='ocrx_word' id='word_1_365' title='bbox 826 3471 859 3518; x_wconf 89' lang='grc'><strong>22</strong></span> <span class='ocrx_word' id='word_1_366' title='bbox 879 3464 958 3519; x_wconf 89' lang='lat' dir='ltr'><strong>cuins</strong></span> <span class='ocrx_word' id='word_1_367' title='bbox 973 3483 1026 3534; x_wconf 81' lang='lat' dir='ltr'><strong>pro</strong></span> <span class='ocrx_word' id='word_1_368' title='bbox 1044 3482 1090 3520; x_wconf 83' lang='lat' dir='ltr'><strong>cur</strong></span> 
     </span>
     <span class='ocr_line' id='line_1_40' title="bbox 80 3533 564 3604; baseline 0.008 -18"><span class='ocrx_word' id='word_1_369' title='bbox 80 3533 125 3587; x_wconf 91' lang='lat' dir='ltr'><strong>uis</strong></span> <span class='ocrx_word' id='word_1_370' title='bbox 144 3536 175 3588; x_wconf 86' lang='lat' dir='ltr'><em>E</em></span> <span class='ocrx_word' id='word_1_371' title='bbox 190 3546 193 3602; x_wconf 82' lang='grc' dir='ltr'>Ι</span> <span class='ocrx_word' id='word_1_372' title='bbox 209 3534 331 3588; x_wconf 88' lang='lat' dir='ltr'><strong>flaminis</strong></span> <span class='ocrx_word' id='word_1_373' title='bbox 351 3536 386 3604; x_wconf 90' lang='lat' dir='ltr'><strong>G,</strong></span> <span class='ocrx_word' id='word_1_374' title='bbox 403 3535 517 3589; x_wconf 90' lang='lat' dir='ltr'><strong>flamma</strong></span> <span class='ocrx_word' id='word_1_375' title='bbox 533 3537 564 3590; x_wconf 88' lang='grc' dir='ltr'><em>Ε</em></span> 
     </span>
    </p>
   </div>
   <div class='ocr_carea' id='block_1_4' title="bbox 133 3626 962 3678">
    <p class='ocr_par' dir='ltr' id='par_1_4' title="bbox 133 3626 962 3678">
     <span class='ocr_line' id='line_1_41' title="bbox 133 3626 962 3678; baseline 0.018 -6"><span class='ocrx_word' id='word_1_376' title='bbox 133 3635 275 3676; x_wconf 74' lang='lat' dir='ltr'><strong>marmus</strong></span> <span class='ocrx_word' id='word_1_377' title='bbox 288 3637 322 3676; x_wconf 82' lang='lat' dir='ltr'><strong>od.</strong></span> <span class='ocrx_word' id='word_1_378' title='bbox 339 3635 472 3678; x_wconf 81' lang='lat' dir='ltr'><strong>Schmttt.</strong></span> <span class='ocrx_word' id='word_1_379' title='bbox 920 3626 962 3671; x_wconf 42' lang='grc' dir='ltr'>ᾖ</span> 
     </span>
    </p>
   </div>
   <div class='ocr_carea' id='block_1_5' title="bbox 0 0 1197 3832">
    <p class='ocr_par' dir='ltr' id='par_1_5' title="bbox 0 0 1197 3832">
     <span class='ocr_line' id='line_1_42' title="bbox 0 0 1197 3832; baseline 0 0"><span class='ocrx_word' id='word_1_380' title='bbox 0 0 1197 3832; x_wconf 95' lang='lat' dir='ltr'><strong> </strong></span> 
     </span>
    </p>
   </div>
   <div class='ocr_carea' id='block_1_6' title="bbox 1159 3614 1178 3729">
    <p class='ocr_par' dir='ltr' id='par_1_6' title="bbox 1159 3614 1178 3729">
     <span class='ocr_line' id='line_1_43' title="bbox 1159 3614 1178 3729; baseline 0 0"><span class='ocrx_word' id='word_1_381' title='bbox 1159 3614 1178 3729; x_wconf 76' lang='lat' dir='ltr'><strong>l</strong></span> 
     </span>
    </p>
   </div>
  </div>
 </body>
</html>
