2378 3832
142 159 207 223 130
560 158 729 213 PALLADII

140 307 227 370 lecta
253 306 470 388 inprimantur
498 304 608 370 cannis
632 304 770 389 singulis
792 305 846 369 uel
869 305 1018 370 sambuci
1041 306 1154 391 uirgu-

141 394 182 458 lis
207 395 308 458 etita
332 397 481 478 separata
503 394 537 457 in
559 393 689 458 harenis
711 395 868 479 figantur,
898 398 933 458 ut
961 393 1035 479 ipsa
1059 400 1153 478 quat

141 487 218 547 tuor
240 483 353 568 digitis
377 482 541 547 emineant
564 484 604 546 ab
627 482 757 547 harena.
793 482 856 547 hoc
874 487 908 547 et
926 483 987 547 sub
1006 486 1099 549 tecto
1118 484 1152 547 in

142 573 256 636 scrobe
287 572 357 635 fieri
389 574 500 655 potest
532 575 564 635 et
590 569 704 636 utilius
732 575 783 635 est
811 572 851 636 ad
878 572 1090 654 seruandum,
1123 573 1151 636 si

88 662 132 725 10
142 683 215 725 cum
243 683 333 725 ramo
361 660 508 745 longiore
536 660 700 724 tollantur.
748 659 843 724 aliter
868 659 904 724 in
931 660 1064 744 seriola,
1099 662 1181 726 cuir

141 750 181 813 ad
214 749 355 813 medium
387 771 470 833 aqua
502 749 668 831 mittatur,
702 749 942 832 suspenduntur
973 750 1077 831 mala,
1110 771 1149 814 ne

119 860 286 903 umorem
314 841 466 923 tangant,
499 842 532 901 et
560 837 644 902 seria
671 836 846 920 clauditur,
878 859 918 901 ne
951 840 1071 902 uentus
1105 839 1149 902 in·

140 930 278 1010 rumpat.
317 927 397 991 item
420 929 454 990 in
477 925 564 990 dolio
587 925 674 990 intra
696 926 853 991 hordeum
876 926 922 990 sic
946 927 1147 1010 ordinantur,

139 1038 179 1080 ne
195 1038 229 1080 se
245 1016 385 1081 inuicem
399 1018 549 1100 tangant:
564 1014 685 1095 dolium
700 1015 837 1099 desuper
852 1015 1005 1099 operitur.
1034 1016 1147 1080 uinum

140 1106 179 1169 de
203 1105 296 1169 malis
321 1104 467 1189 granatis
491 1103 640 1168 conficies
663 1102 726 1168 hoc
749 1104 855 1169 modo.
891 1124 994 1189 grana
1018 1108 1147 1168 matura
1158 1128 1180 1167 ro

139 1198 280 1279 purgata
303 1193 475 1277 diligenter
497 1191 531 1256 in
553 1193 681 1276 palmea
698 1191 822 1257 fiscella
840 1191 961 1275 mittes,
983 1192 1019 1256 in
1039 1194 1146 1258 coclea

139 1281 300 1367 exprimes
320 1286 353 1346 et
371 1282 488 1346 leniter
507 1303 624 1364 coques
642 1303 745 1364 usque
764 1281 804 1344 ad
823 1281 1039 1346 medietatem.
1074 1304 1144 1346 cum

139 1370 315 1453 refrixerit,
346 1370 463 1454 picatis
497 1374 529 1434 et
558 1370 705 1454 gypsatis
734 1370 876 1434 uasculis
905 1370 1044 1435 claudes.
1091 1370 1143 1434 alii

139 1482 253 1525 sucum
279 1482 345 1524 non
373 1463 570 1542 excoquunt,
603 1459 659 1522 sed
691 1457 828 1544 singulis
862 1459 1012 1523 sextariis
1044 1457 1142 1522 libras

139 1548 245 1612 mellis
265 1548 410 1632 singulas
427 1549 565 1613 miscent
582 1551 615 1611 et
628 1548 663 1612 in
676 1547 842 1631 praedicta
855 1569 934 1611 uasa
948 1547 1141 1612 custodiunt.
1153 1569 1172 1609 a

88 1639 127 1702 11
205 1636 265 1701 DE
295 1634 462 1702 CITREO.
509 1636 619 1701 Mense
651 1635 769 1700 martio
803 1636 876 1700 citri
907 1636 1004 1702 arbor
1032 1636 1140 1700 multis

140 1725 244 1789 modis
269 1726 400 1809 seritur,
423 1724 557 1803 semine,
579 1747 685 1808 ramo,
707 1725 807 1802 talea,
831 1724 931 1788 claua.
971 1730 1061 1789 amat
1084 1729 1141 1789 ter·

139 1835 207 1877 ram
225 1815 359 1879 rarioris
377 1817 521 1895 naturae,
540 1813 663 1879 caelum
684 1813 824 1878 calidum
842 1835 1054 1897 umoremque
1072 1835 1140 1878 con-

81 1980 82 1984 ,
140 1901 275 1967 tinuum.
318 1903 345 1966 si
368 1903 478 1988 granis
502 1902 584 1966 uelis
609 1924 722 1986 serere,
746 1902 793 1966 ita
815 1901 923 1966 facies.
965 1903 1139 1967 terramin

55 2053 61 2061 .
138 1992 218 2058 duos
251 1991 347 2075 pedes
379 1991 498 2074 fodies,
531 1991 670 2056 cinerem
703 1991 870 2073 miscebis,
904 1991 1020 2055 breues
1053 2012 1168 2055 areasn

138 2081 250 2163 facies,
282 2084 320 2144 ut
351 2080 514 2163 utrimque
542 2101 599 2163 per
627 2080 755 2145 canales
783 2101 868 2163 aqua
895 2079 1065 2144 discurrat.
1109 2080 1140 2144 in

137 2169 189 2234 bis
218 2169 301 2235 areis
329 2170 507 2252 palmarem
530 2170 677 2233 scrobem
701 2167 850 2232 manibus
873 2169 998 2251 aperies
1025 2173 1059 2233 et
1081 2170 1140 2233 tria

138 2280 240 2344 grana
273 2260 430 2323 deorsum
454 2279 548 2322 uerso
582 2256 727 2323 acumine
761 2257 872 2321 iuncta
899 2255 1080 2323 constitues
1111 2260 1140 2320 et

139 2348 256 2411 obruta
284 2346 400 2413 cotidie
424 2346 554 2431 rigabis.
600 2345 695 2411 citius
718 2345 906 2430 procedent,
934 2343 962 2409 si
986 2346 1139 2411 beneficio

208 2596 223 2643 2
243 2594 275 2644 ut
294 2593 323 2645 et
340 2591 402 2660 ipsa
423 2590 500 2661 6113
519 2590 550 2643 in
568 2591 664 2644 scrobe
686 2589 847 2660 bipedanea
864 2590 961 2657 Fies,
981 2589 1139 2660 bipedanea

136 2661 199 2715 incl.
215 2679 250 2732 cp
272 2665 281 2731 11
304 2668 321 2716 4
340 2662 432 2716 sinum
445 2678 499 2731 pro
518 2661 542 2715 si
561 2679 624 2715 cum
642 2662 712 2730 PL,
736 2679 799 2714 cum
817 2663 849 2716 ia
865 2678 966 2716 rasura
984 2661 1016 2729 V,
1039 2665 1089 2716 est.
1117 2660 1139 2715 si

137 2732 343 2787 adseruandum
362 2732 461 2786 sinum.
481 2748 560 2787 ramo
576 2732 653 2802 6115
672 2731 842 2786 Inseriolacu
857 2732 890 2799 P,
909 2731 995 2786 inseri
1014 2732 1074 2787 olla
1087 2733 1116 2786 Ε
1130 2732 1139 2802 11

136 2809 152 2858 6
172 2807 201 2858 et
219 2822 291 2873 susp.
309 2804 332 2875 Q
349 2807 358 2874 11
377 2809 392 2857 7
411 2804 526 2857 humore
544 2806 698 2873 tangantur
715 2805 763 2874 111
779 2802 893 2857 miseria
913 2803 955 2875 111
972 2803 1140 2858 clauduntur

136 2875 222 2930 PSE
233 2878 272 2945 119
292 2878 321 2928 et
339 2874 445 2930 dolium
467 2874 589 2944 QGios,
615 2877 644 2928 et
661 2876 724 2929 incl.
739 2892 787 2945 cp,
806 2873 919 2928 Dolium
936 2891 1004 2928 uero
1024 2876 1140 2945 desuper

135 2946 249 3018 ponitur
266 2947 307 3015 E,
328 2946 392 3001 dolo
411 2945 530 3014 desuper
548 2948 644 3014 operto
665 2946 690 2998 Τ
701 2947 711 3015 11
726 2952 757 2998 11
776 2945 916 3015 palmeam
934 2945 1071 3000 fiscellam
1090 2947 1114 3000 G
1134 2946 1138 3017 1

135 3018 225 3072 mittis
244 3034 333 3072 omnes
343 3024 452 3087 praeter
466 3017 493 3071 6
509 3019 512 3086 1
529 3020 557 3071 et
571 3017 601 3070 in
614 3017 725 3085 snas,
745 3018 798 3088 [et]
815 3016 845 3070 in
858 3034 896 3071 ac
933 3017 937 3087 1
954 3016 1062 3071 cloclea
1076 3019 1139 3082 PL,

136 3089 249 3143 cochlea
267 3090 326 3144 edd.
349 3092 359 3159 11
382 3095 415 3142 12
439 3087 569 3157 exprimis
593 3105 682 3142 omues
696 3095 805 3156 praeta
825 3088 851 3143 6
875 3089 880 3160 1
900 3033 1006 3142 leuiter
1025 3089 1061 3156 F,
1079 3089 1139 3142 lene

138 3160 244 3231 Gacps
257 3162 266 3230 11
281 3165 315 3213 13
333 3158 475 3229 refrigerit
492 3160 523 3212 E
537 3160 541 3228 1
557 3158 676 3229 gipsatis
696 3160 722 3213 T
737 3161 781 3213 hic
798 3160 914 3228 aliisque
932 3160 998 3213 locis
1010 3161 1020 3229 11
1035 3158 1141 3214 claudis

135 3232 147 3284 i
165 3238 190 3286 et
206 3232 308 3286 codices
322 3238 432 3300 praeter
452 3231 497 3296 61
517 3230 615 3298 Aliqui
633 3247 709 3300 ceps
730 3230 733 3300 1
755 3229 1013 3284 alii-custodiunt
1032 3247 1115 3300 osup
1132 3230 1141 3303 11

137 3307 170 3355 15
188 3302 332 3372 praedicto
351 3318 419 3356 uase
439 3302 493 3370 Gt,
512 3301 628 3355 uascula
645 3303 753 3371 ponunt
771 3304 800 3354 et
817 3302 854 3370 E,
872 3300 1026 3371 praedictis
1044 3318 1140 3356 vascu-

135 3371 171 3424 lis
189 3376 297 3441 ponunt
315 3376 343 3428 et
361 3390 438 3444 acqs
451 3374 460 3442 11
475 3379 507 3426 16
527 3375 647 3440 quatuor
662 3389 714 3441 pro
732 3371 829 3425 multis
848 3373 957 3442 Facys
974 3374 984 3441 11
1004 3378 1037 3426 11
1057 3373 1140 3441 talea,

136 3441 218 3495 claua
236 3461 283 3498 om.
293 3446 339 3516 p}
356 3444 438 3498 claba
456 3443 593 3515 PQVEa'
615 3447 626 3514 11
648 3449 680 3497 18
700 3459 754 3511 que
773 3444 937 3511 0111111120
960 3443 1070 3498 duobus
1087 3445 1114 3499 L
1131 3445 1140 3513 11

117 3516 158 3562 22
167 3513 330 3579 palmarem
350 3534 402 3574 om.
412 3535 438 3590 p
451 3520 462 3591 11
478 3523 510 3575 23
531 3534 612 3591 guna
632 3517 665 3588 P,
684 3531 792 3587 genera
808 3532 827 3584 p
