2378 3832
129 171 193 240 122
547 173 717 232 smenon

504 371 566 442 nn
587 371 758 443 nosris.
788 343 790 348 ’

76 494 177 563 VIIII
235 495 330 564 Nunc
344 496 435 563 horti·
448 497 570 580 optime
585 501 717 563 sumunt
730 497 826 564 initia
840 497 1004 565 cultionis.
1029 522 1144 566 mense

128 585 252 653 martio.
267 585 405 654 carduus
421 586 549 653 seritur.
582 590 703 653 terram
717 591 932 654 stercoratam
946 593 981 653 et
994 588 1144 657 solutam

128 675 250 760 diligit,
284 675 433 758 quamuis
465 675 499 739 in
531 675 647 761 pingui
673 674 779 759 possit
806 676 923 743 melius
955 679 1141 760 prouenire.

128 769 161 829 et
179 765 242 829 hoc
260 763 311 827 illi
330 768 444 828 contra
462 765 569 848 talpas
590 765 732 848 prodest,
752 765 780 829 si
798 768 962 851 pangatur
975 766 1011 830 in
1026 768 1140 850 solido,
1164 793 1173 832 5

127 876 168 918 ne
200 857 288 923 terra
321 852 361 916 ab
393 853 535 919 inimicis
566 853 762 919 animalibus
788 853 917 920 facilius
944 855 1140 947 perforatis.

82 941 105 1004 2
129 941 255 1007 serendi
279 946 355 1005 sunt
377 941 487 1007 cardui
505 942 583 1009 luna
602 946 765 1009 crescente
784 943 818 1007 in
837 965 911 1008 area
929 943 996 1008 iarn
1014 948 1138 1028 parata.

129 1031 253 1097 semina
277 1030 384 1115 spatio
408 1030 580 1114 semipedis
605 1029 671 1095 sint
694 1031 843 1097 discreta.
880 1033 1061 1097 cauendum
1081 1037 1138 1117 est,

126 1144 167 1185 ne
196 1120 320 1189 semina
348 1118 479 1184 inuersa
505 1123 677 1203 ponantur.
722 1142 799 1186 nam
821 1120 957 1205 debiles,
985 1121 1137 1188 incuruos

127 1215 161 1276 et
192 1210 290 1276 duros
324 1208 488 1276 creabunt
533 1229 601 1276 non
633 1209 699 1276 alto
727 1209 931 1293 inprimenda
958 1215 1050 1295 sunt,
1082 1211 1167 1277 seda

127 1300 233 1365 tribus
252 1297 365 1382 digitis
385 1297 606 1382 conprehensa
623 1303 822 1382 mergantur,
841 1298 942 1365 donec
959 1300 1003 1365 cd
1013 1299 1136 1384 primos

127 1387 284 1456 articulos
312 1391 401 1452 terra
428 1386 606 1470 perueniat.
651 1390 728 1452 tunc
750 1385 870 1453 leuiter
891 1386 1083 1471 operiantur
1104 1393 1136 1454 et

126 1476 238 1543 herbis
264 1474 443 1541 liberentur
471 1475 616 1559 adsidue,
643 1475 745 1541 donec
770 1476 934 1561 plantaria
956 1476 1135 1544 solidentur

82 1562 104 1625 3
129 1568 163 1630 et
182 1565 338 1648 rigentur,
362 1565 390 1631 si
408 1568 517 1631 aestus
536 1564 723 1631 interuenit.
760 1565 789 1631 si
808 1566 957 1631 acumina
976 1567 1134 1633 seminum

128 1652 329 1735 confringas,
358 1653 462 1736 spi-nis
489 1654 653 1720 carebunt.
698 1653 777 1720 item
809 1654 840 1720 si
870 1654 996 1720 semina
1024 1677 1133 1721 eorum
1146 1677 1164 1718 u

127 1739 337 1808 madefeceris
364 1763 423 1825 per
451 1741 595 1807 triduum
623 1742 751 1810 lautino
779 1741 851 1807 oleo
878 1743 933 1808 uel
958 1745 1062 1810 nardo
1085 1744 1133 1810 uel

126 1829 336 1914 opobalsamo
364 1830 418 1894 uel
445 1851 521 1896 suco
550 1852 643 1897 rosae
670 1831 724 1898 uel
751 1832 922 1899 masticino
956 1835 990 1898 et
1019 1838 1132 1918 postes

127 1921 248 1986 siccata
276 1917 484 2003 depresseris,
515 1919 660 1988 eiusdem
691 1920 817 2004 saporis
851 1920 1009 2004 orientur,
1043 1923 1131 1989 cuitu

125 2011 330 2095 unguentum
358 2008 483 2075 semina
509 2009 734 2076 conbiberunt.
779 2009 919 2095 singulis
942 2032 1020 2078 sano
1045 2011 1133 2077 annis

122 2122 142 2164 a
164 2098 272 2164 codice
297 2097 488 2166 auferendae
513 2100 589 2164 sunt
611 2098 752 2182 plantae,
774 2103 813 2162 ut
834 2121 893 2164 nec
915 2102 1038 2165 matres
1057 2099 1163 2166 fati-io

124 2192 244 2274 gantur
267 2191 303 2252 et
323 2188 454 2254 suboles
469 2209 527 2271 per
540 2186 605 2252 alia
618 2187 726 2270 spatia
738 2187 916 2272 digeratur:
935 2211 1009 2255 oum
1028 2189 1134 2274 aliqua

124 2282 237 2343 tamen
266 2277 384 2343 radicis
413 2280 505 2360 parte
528 2276 695 2341 uellentne
718 2281 803 2341 sunt
849 2298 930 2360 quos
954 2279 1134 2344 reseruabis

126 2367 167 2432 ad
196 2367 322 2434 semina
349 2365 544 2450 colligenda,
571 2364 728 2465 liberatos
755 2365 907 2433 omnibus
927 2365 1027 2449 pullis
1052 2371 1134 2434 beta

81 2454 748 2609 4zllttltntltntt.“tlt
761 2476 868 2627 ult
882 2454 1164 2628 {tituta

126 2631 310 2714 frequenter
329 2631 449 2696 habere
466 2632 501 2695 in
515 2631 630 2696 mediis
646 2630 815 2696 carduetis.
843 2632 1000 2698 mustelas
1014 2632 1134 2699 habent

196 2830 212 2876 2
233 2822 364 2877 cultionis
384 2822 468 2876 initia
486 2824 574 2893 ineps
588 2825 597 2892 l
611 2830 627 2876 3
642 2825 787 2904 tamquam
797 2840 850 2899 pro
863 2825 1009 2906 terramL
1023 2829 1064 2896 {lt
1082 2842 1134 2880 non

122 2913 159 2967 n
159 2912 176 2950 ⁰
193 2895 260 3021 i‘tl
282 2897 306 3020 la
314 2894 581 3020 tlttlttti
594 2896 597 2964 ¹
612 2893 748 3020 aba}
763 2897 949 3038 bittit
965 2913 985 3020 t
1002 2896 1133 3022 istm

126 2970 198 3106 itarital)
212 3041 221 3108 ll
236 2969 269 3091 li
288 3010 497 3091 autumnans
510 3039 519 3107 l
535 2983 762 3107 reiibnslringas
781 3037 832 3107 El
847 2983 1134 3109 rc'malefeoensprl

126 3109 188 3163 oleo
206 3108 325 3163 nardino
344 3107 391 3162 uel
409 3106 519 3162 laurino
539 3110 567 3161 et
584 3111 721 3177 posteap
745 3110 750 3181 l
774 3107 893 3162 nardino
912 3126 990 3179 arpa
1014 3111 1019 3182 l
1039 3128 1059 3163 n
1126 3151 1133 3163 .

126 3181 308 3250 opobalsamo
326 3181 356 3234 E
381 3182 391 3249 ΙΙ
419 3185 451 3232 17
474 3178 625 3232 mastiehin
648 3195 700 3250 ops
726 3181 735 3248 ΙΙ
760 3185 793 3233 18
817 3178 1134 3237 ouius—conbiberunt

127 3268 176 3305 om.
197 3270 219 3320 p
245 3254 255 3322 ll
283 3257 315 3304 19
339 3253 494 3320 ungentum
512 3251 578 3317 PV,
602 3249 759 3320 ingenitum
782 3250 813 3304 E
837 3253 847 3320 l
873 3256 909 3304 20
932 3251 1035 3306 cortice
1061 3253 1088 3306 V
1105 3254 1134 3306 in

126 3340 239 3391 ranno,
260 3321 377 3376 cottidie
396 3337 449 3391 pro
473 3337 490 3374 a
514 3321 609 3378 codice
629 3339 652 3390 p
673 3324 684 3391 l
706 3327 737 3374 21
763 3320 867 3375 sobolis
891 3321 922 3390 V,
946 3322 1058 3377 soboles
1081 3323 1132 3394 El

128 3392 287 3462 dirigantur
301 3394 332 3447 E
348 3396 357 3462 ΙΙ
376 3400 408 3446 22
427 3391 536 3446 radices
556 3411 574 3446 u
594 3394 599 3461 Ι
619 3409 674 3460 quo
696 3393 726 3463 Q,
745 3409 815 3460 quas
834 3410 848 3447 s
865 3395 875 3463 l
893 3399 926 3446 28
944 3393 1083 3451 liberatus
1101 3395 1134 3460 L,

120 3462 318 3589 5355*le
330 3469 363 3518 25
380 3464 514 3535 prodesse
533 3464 591 3536 Lo
607 3464 612 3536 l
628 3465 705 3518 catos
725 3464 856 3534 ETieqs
869 3466 882 3533 ll
897 3470 930 3518 26
950 3465 1062 3519 carduis
1080 3467 1111 3520 E
1128 3465 1132 3537 Ι

131 3548 146 3568 *⁷
208 3549 243 3586 as
