2378 3832
451 161 715 218 remorre-re
1044 166 1085 228 21

76 311 203 376 calcem
222 309 375 375 minutim
394 309 610 394 superadicics
630 314 663 373 et
680 310 720 374 ad
734 332 835 374 unum
850 332 966 394 corpus
981 311 1089 374 omnia

74 400 184 464 mixta
211 397 387 463 reuocabis.
430 420 566 482 cumque
594 399 685 463 uelut
712 399 942 485 strigmentum
965 398 1089 480 feceris,
1112 399 1134 462 4

75 489 203 553 inseres
241 488 322 552 locis
359 487 520 571 corruptis
558 510 594 552 ao
631 489 839 552 manantibus
878 492 909 552 et
941 511 1089 573 pressum

77 599 209 642 summa
237 575 395 641 densitate
424 575 574 642 calcabis.
620 577 762 642 salutare
791 577 855 641 erit
883 600 982 662 aquas
1012 578 1089 642 illuc

48 689 140 751 sper
172 666 269 730 tubos
301 665 433 750 fictiles,
448 665 521 731 duci
550 669 582 729 91
610 664 732 748 opertis
760 666 902 731 inmeare
931 667 1089 731 cisternis.

77 778 158 820 nam
185 752 334 820 caelestis
358 777 442 840 aqua
465 755 504 818 ad
528 754 703 818 bibendum
728 756 878 819 omnibus
904 755 1089 840 antefertur,

78 850 129 928 ut,
153 844 216 908 etsi
239 844 341 908 fluens
365 843 512 909 adhiberi
535 842 649 927 possit,
673 865 754 926 quae
778 844 919 909 salubris
942 867 1008 909 non
1032 848 1091 924 est,

78 933 222 998 lauacris
247 932 362 997 debeat
385 936 418 997 ct
441 932 613 996 hortorum
637 953 752 996 uacare
776 933 929 997 culturae.

360 1163 420 1227 DE
446 1160 812 1228 011111111111.

32 1318 62 1355 10
153 1285 277 1353 Gallam
295 1287 454 1352 uinariam
474 1287 700 1371 septemtrioni
717 1288 837 1351 habere
853 1288 1005 1352 debemus
1029 1285 1144 1351 XVIII

83 1377 273 1462 obpositam
301 1375 454 1462 frigidam
478 1376 530 1439 uel
555 1376 709 1440 obscurae
732 1375 926 1460 proximam,
953 1376 1091 1460 longea

83 1465 220 1545 balneis,
244 1465 390 1549 stabulis,
414 1464 518 1548 furno,
542 1464 735 1548 sterculinis,
760 1465 917 1549 cisternis,
944 1465 1035 1548 aquis
1059 1471 1092 1529 et

83 1554 203 1621 ceteris
228 1553 335 1619 odoris
358 1554 524 1618 horrendi:
547 1553 595 1616 ita
618 1554 812 1619 instructam
830 1554 1031 1638 necessariis,
1054 1558 1091 1618 ut

82 1667 151 1710 non
164 1642 323 1720 ‚vincatur
346 1666 364 1706 a
387 1642 504 1727 fructu,
529 1642 575 1707 sic
597 1647 706 1707 autem
726 1643 929 1728 dispositam,
951 1647 988 1707 ut
1007 1644 1092 1708 basi·

40 1760 68 1799 15
82 1733 167 1799 lioae
185 1730 288 1815 ipsius
308 1731 413 1797 forma
432 1731 641 1796 calcatorium
658 1732 731 1797 loco
750 1733 870 1797 habeat
890 1733 1004 1797 altiore
1020 1753 1092 1797 con·

83 1825 257 1903 structum,
280 1821 321 1885 ad
344 1820 430 1905 quod
448 1819 533 1884 inter
552 1821 631 1886 duos
650 1821 749 1906 lacus,
772 1820 828 1906 qui
847 1822 887 1886 ad
906 1822 1093 1906 excipienda

82 1911 162 1975 uina
179 1909 330 1975 hincinde
350 1910 494 1994 depressi
514 1909 589 1992 sint,
608 1910 763 1995 gradibus
782 1911 888 1975 tribus
903 1910 969 1975 fere
984 1932 1091 1975 ascen·

82 2001 181 2064 datur
199 2002 257 2062 aut
277 2002 439 2082 quattuor.
475 2020 514 2062 911
531 1998 583 2064 his
601 1999 735 2064 lacubus
756 2000 882 2064 canales
902 1999 1020 2064 structi
1039 1998 1092 2062 uel

82 2089 158 2154 tubi
184 2086 302 2153 fictiles
330 2087 415 2152 circa
443 2091 605 2152 extremos
632 2089 774 2170 parietes
803 2094 934 2153 currant
964 2091 996 2151 et
1020 2087 1092 2150 sub-

40 2205 68 2242 so
83 2177 179 2242 iectis
207 2176 303 2240 lateri
331 2198 390 2240 suo
418 2175 514 2241 doliis
542 2199 601 2260 per
627 2177 752 2242 uicinos
779 2181 904 2240 meatus
928 2175 1093 2240 manantia

82 2267 161 2330 uina
185 2264 369 2330 defundant.
406 2264 435 2329 si
457 2265 551 2349 copia
574 2265 678 2330 maior
701 2270 759 2350 est,
782 2265 923 2329 medium
946 2264 1089 2348 spatium
1113 2265 1133 2327 2

85 2353 177 2439 cupis
208 2354 433 2438 deputabitur,
469 2375 564 2438 quas,
595 2376 636 2418 ne
669 2353 856 2419 ambulacra
887 2354 1091 2437 prohibeant,

84 2443 195 2509 asellis
223 2443 395 2508 altioribus
423 2443 582 2527 inpositas
610 2443 662 2507 uel
689 2465 787 2528 supra
810 2442 897 2507 dolia
919 2464 1091 2526 possumus

85 2532 255 2598 conlocare
279 2533 385 2616 spatio
408 2531 494 2596 inter
514 2554 547 2597 se
566 2532 714 2617 longiore
734 2532 902 2616 distantes,
925 2536 971 2619 ut,
994 2531 1092 2596 sires

156 2677 170 2724 1
191 2669 354 2724 minutatim
372 2670 410 2738 V,
422 2669 561 2724 minutum
579 2671 610 2724 E
630 2674 640 2741 11
663 2677 678 2724 2
698 2670 875 2725 strimentum
895 2672 934 2739 L,
955 2672 1091 2724 strumen-

83 2745 144 2797 tum
166 2743 197 2810 Τ,
222 2741 414 2795 stricmentum
436 2742 528 2795 VGE
549 2744 558 2812 11
585 2748 600 2794 3
624 2742 724 2796 inseris
748 2743 836 2797 LSF
858 2744 862 2813 1
886 2758 1017 2811 praesum
1039 2742 1065 2793 L
1084 2741 1093 2812 11

83 2821 99 2868 5
119 2817 202 2868 tuuos
222 2814 271 2881 V1,
291 2829 340 2866 seu
359 2811 471 2866 canales
490 2813 532 2866 V²
549 2831 647 2882 supra,
671 2815 769 2867 turbas
790 2815 815 2868 (11
842 2816 851 2884 11
880 2819 894 2867 7
918 2816 979 2866 tum
997 2816 1093 2881 (supra

83 2887 167 2954 quae)
186 2883 228 2938 V²
254 2887 263 2954 11
291 2883 468 2938 Slauachris
486 2884 512 2936 L
537 2885 541 2955 1
567 2885 670 2938 debeat
692 2901 793 2938 uacare
817 2887 846 2937 91
868 2885 1011 2938 hortorum
1035 2881 1093 2934 cul-

84 2960 145 3010 ture
155 2956 186 3009 Ε
198 2958 207 3025 11
223 2961 256 3009 10
276 2955 409 3008 debemus
427 2955 531 3008 habere
549 2956 731 3026 QSTacqsp
746 2963 777 3009 11
798 2955 844 3008 uel
858 2955 974 3009 obscure
985 2955 1021 3020 E,
1042 2953 1091 3006 ob-

83 3044 195 3082 scuram
212 3025 257 3080 vel
270 3044 283 3081 s
299 3029 304 3096 1
318 3026 440 3096 positam
454 3028 485 3079 E
497 3029 505 3095 11
521 3031 553 3079 12
568 3025 647 3080 forno
661 3028 720 3081 LG
737 3029 741 3098 1
758 3026 925 3080 sterculiniis
941 3027 1002 3093 VT,
1023 3026 1091 3077 ster-

82 3097 198 3167 quilinis
214 3098 255 3166 81,
274 3098 319 3150 uel
334 3096 492 3152 sterculinis
507 3096 540 3151 S’
554 3098 585 3150 ia
599 3100 728 3169 marpissa,
744 3097 926 3166 sterquiliniis
942 3095 1092 3218 Eiucpspl

83 3176 115 3223 13
134 3168 249 3222 hodoris
271 3169 296 3222 G
324 3172 333 3238 11
362 3175 395 3222 14
414 3168 564 3221 uincantur
582 3170 612 3222 E
638 3172 647 3239 11
676 3175 708 3223 15
729 3169 828 3222 altiore
847 3186 896 3223 om.
918 3169 943 3222 G
966 3169 974 3236 11
1004 3173 1072 3220 161

81 3258 151 3310 quos
169 3242 192 3310 Q
208 3243 212 3310 1
229 3240 304 3293 lacos
319 3241 345 3293 L
360 3243 368 3310 11
384 3247 416 3294 18
437 3242 486 3293 aut
505 3243 624 3309 quatuor
639 3241 806 3294 ascendatur
820 3258 896 3310 urps
910 3243 918 3308 11
933 3245 965 3292 19
984 3237 1045 3291 toui
1060 3239 1090 3306 V,

81 3313 169 3366 tubae
185 3312 211 3366 G
225 3314 234 3381 11
248 3318 282 3365 20
301 3311 426 3366 meantia
441 3313 471 3365 E
483 3314 492 3381 11
506 3318 537 3364 21
553 3311 676 3364 medium
691 3311 813 3381 spatium
827 3328 876 3365 om.
888 3312 918 3364 E
930 3312 939 3380 11
954 3316 987 3363 23
1007 3309 1091 3363 assel-

81 3383 115 3438 lis
143 3384 175 3451 T,
199 3382 329 3437 uassellis
353 3384 384 3451 S,
409 3383 479 3436 duas
503 3382 579 3435 sellis
598 3384 640 3451 E,
664 3382 778 3436 uasellis
801 3385 824 3452 i,
848 3381 963 3435 basellis
987 3382 1089 3453 01181

81 3472 166 3526 supra
193 3455 295 3509 obruta
323 3454 399 3508 dolia
427 3455 534 3523 SEas,
563 3454 664 3507 obruta
692 3455 755 3509 incl.
779 3471 814 3526 cp
844 3456 853 3527 1
877 3452 1019 3524 possimus
1043 3453 1069 3504 L
1082 3452 1105 3519 h

81 3532 114 3579 24
134 3526 257 3593 longiore
276 3527 362 3595 Εἴσῃ
