2370 3832
421 173 539 231 AGRIO.
553 173 593 227 HI
606 179 710 229 17-18
1026 175 1068 240 89

60 320 264 385 decimanum
283 319 413 383 tabulas
432 319 573 406 cingant,
591 319 644 383 uel
664 342 758 384 suum
776 318 884 385 locum
903 321 1069 386 tenebunt.

60 411 89 474 si
113 414 280 494 ponuntur
302 409 337 472 in
356 409 495 490 pastino,
518 409 680 473 radicatae
699 409 829 492 plantae
848 409 964 475 decisis
984 411 1069 495 oapi-

60 499 151 564 tibus
180 502 213 562 et
239 496 381 562 brachiis
409 501 442 561 et
470 498 504 562 in
531 502 683 562 truncum
714 498 863 562 redactae
894 520 996 583 usque
1029 501 1069 564 ad

60 608 248 651 mensuram
276 586 377 650 cubiti
404 586 500 650 unius
529 591 562 650 et
588 586 690 670 palmi
716 586 752 649 in
780 586 939 652 fermento
963 593 1068 653 terrae

35 676 169 740 afossae
190 675 372 758 defigantur
389 675 498 740 locum
515 676 590 759 palo
611 680 706 739 antea
725 676 937 759 deprimente:
955 677 1068 742 hordei

61 786 166 851 grana
180 762 453 829 subteriaciantur
467 771 500 827 et
514 767 701 847 amputetur
710 764 771 845 his,
786 765 938 848 quicquid
946 767 1069 850 putridi

60 855 232 935 inuentum
250 851 350 917 fuerit
368 853 576 918 aut'arentis:
596 857 630 916 et
648 857 727 917 tunc
746 853 853 937 capita
869 876 980 919 earum
998 856 1068 919 luto

61 943 212 1007 uelantur
239 945 273 1005 91
296 962 407 1005 musco
430 942 547 1006 ulmeis
570 939 709 1006 uinculis
733 942 786 1006 uel
809 943 976 1008 tenacibus
1001 945 1069 1027 qui-

61 1033 262 1114 buscumque
290 1029 475 1094 constricta.
521 1030 577 1094 sed
604 1031 781 1094 maximum
804 1030 994 1096 beneficium
1019 1038 1069 1097 est
1092 1032 1113 1094 2

21 1144 47 1183 10
62 1125 96 1184 et
128 1119 259 1203 proficit
290 1119 506 1200 incremento,
543 1119 572 1182 si
603 1119 733 1182 rubrica
764 1123 875 1203 partes
906 1124 1070 1204 notentur,

63 1209 181 1293 quibus
202 1208 357 1272 obuersae
378 1211 547 1291 steterant,
569 1211 602 1271 et
621 1211 733 1272 contra
752 1229 806 1272 eas
825 1207 925 1272 simili
943 1208 1069 1274 ratione

61 1302 233 1381 ponantur.
279 1297 346 1360 sint
373 1318 392 1359 a
416 1318 448 1360 se
473 1295 629 1360 discretae
652 1296 788 1380 pedibus
812 1296 994 1380 quindecim
1018 1298 1070 1362 uel

61 1385 192 1471 uiginti.
234 1384 338 1450 omnis
366 1384 501 1449 subinde
531 1385 616 1448 circa
644 1406 699 1449 eas
728 1385 831 1449 herba
853 1385 1007 1450 uellatur:
1037 1392 1070 1452 et

62 1475 214 1558 quotiens
243 1495 277 1538 sc
305 1474 410 1538 imber
436 1473 605 1556 infuderit,
632 1473 835 1538 breuissimis
863 1497 900 1540 ac
923 1475 1070 1558 frequen-

22 1563 200 1628 latissimis
223 1562 422 1627 fossionibus
446 1562 670 1626 sollicitentur.
716 1567 750 1626 91
774 1562 909 1628 subinde
933 1565 1029 1629 ducta
1052 1588 1071 1629 a

61 1656 178 1717 trunco
202 1656 290 1716 terra
313 1655 410 1737 atque
433 1651 594 1735 permixta
616 1651 652 1714 in
675 1650 841 1735 aliquanto
865 1653 998 1718 altiores
1020 1676 1071 1719 cu-

62 1742 169 1805 mulos
194 1745 395 1824 congeratur.
442 1739 579 1823 quodsi
603 1740 762 1805 oliuetum
785 1763 843 1805 suo
866 1742 938 1807 loco
962 1743 1068 1808 facere
1093 1740 1114 1804 3

61 1830 220 1912 uolueris,
242 1829 322 1894 haec
345 1850 465 1914 genera
488 1833 648 1893 terrarum
672 1828 829 1915 sequeris,
861 1834 996 1914 terram,
1020 1834 1071 1896 cui

62 1920 166 1982 mixta
195 1918 239 1982 sit
266 1917 391 2003 glarea,
419 1921 476 1981 aut
504 1922 628 1982 cretam
654 1918 819 1983 sabulonis
844 1921 1070 1985 coniunctione

22 2032 49 2070 ao
64 2006 243 2071 resolutam
265 2011 323 2071 aut
340 2007 496 2091 pinguem
515 2006 705 2070 sabulonem
724 2012 781 2071 aut
797 2011 918 2072 terram
936 2013 1071 2072 naturae

63 2095 222 2160 densioris
251 2099 284 2160 et
306 2094 443 2160 umidae.
489 2099 578 2159 creta
601 2095 694 2179 figuli
718 2094 849 2160 omnino
873 2096 1071 2179 repudianda
1093 2094 1116 2157 4

63 2189 114 2249 est
143 2187 176 2248 et
202 2185 365 2269 uliginosa
393 2188 426 2248 et
452 2182 488 2247 in
517 2205 735 2267 qua-semper
762 2206 857 2247 umor
886 2185 1015 2248 adsistit
1039 2190 1072 2249 et

63 2273 179 2337 sabulo
207 2295 315 2337 macer
342 2276 375 2337 91
400 2268 486 2335 nuda
509 2272 631 2356 glarea:
662 2273 808 2352 quamvis
833 2272 917 2336 enim
942 2294 1072 2357 conpre-

63 2361 198 2445 hendat,
225 2384 292 2426 non
316 2359 521 2426 conualeseit.
566 2361 675 2443 potest
699 2359 777 2443 seri,
800 2364 832 2424 ct
855 2361 912 2424 ubi
936 2363 1071 2426 arbutus

20 2475 48 2515 25
65 2454 123 2515 aut
145 2450 209 2515 ilex
233 2454 378 2515 steterat.
413 2471 491 2513 nam
512 2470 619 2512 cerrus
639 2452 672 2511 et
690 2448 798 2512 excisa
815 2450 939 2515 radices
957 2452 1071 2516 noxias

64 2677 295 2818 1103111111
313 2675 557 2818 teleusin
575 2675 643 2800 llil
661 2675 907 2818 adinstat
926 2678 1072 2818 ttttdl

62 2819 124 2872 luto
147 2820 180 2886 G,
199 2823 267 2872 tuno
286 2821 434 2888 amputata
453 2817 548 2887 capita
565 2817 625 2898 luto
645 2836 716 2888 acy,
734 2822 802 2872 tunc
816 2819 991 2942 {amputatal
1011 2836 1070 2888 cap.

63 2890 144 2944 luts
171 2892 180 2959 11
208 2896 345 2944 8musco.
364 2889 411 2943 uel
429 2889 490 2941 neis
508 2887 628 2941 uinouhs
650 2890 926 2970 (1119119991111Ε
951 2893 960 2959 11
988 2893 1073 2943 10111

58 2979 113 3030 pro
132 2963 161 3014 91
179 2962 328 3032 PLQSE
336 2961 424 3014 PFG
442 2967 467 3015 et
485 2961 543 3014 edd.
570 2961 573 3030 1
598 2960 725 3029 profic1et
746 2962 776 3028 T,
798 2961 926 3029 proficiat
944 2961 1030 3015 SEG
1048 2967 1073 3015 et

62 3034 122 3087 edd.
146 3035 155 3102 11
179 3039 210 3085 11
231 3032 350 3086 obuersa
368 3034 411 3086 est
429 3033 458 3084 91
476 3034 556 3084 erant
574 3032 639 3099 PL,
658 3033 777 3084 obuersa
796 3034 846 3085 est.
871 3035 900 3086 et
918 3034 1014 3085 erutae
1035 3032 1069 3089 G.

63 3103 199 3158 obuersae
222 3106 361 3157 steterunt
383 3104 513 3157 editiones
537 3103 540 3172 1
567 3104 596 3154 91
617 3119 667 3156 om.
685 3103 711 3157 G
738 3106 746 3172 ΙΙ
775 3108 807 3156 16
828 3119 917 3170 aquae
936 3104 966 3156 E
990 3104 993 3172 Ι
1019 3102 1071 3154 ali-

63 3177 164 3256 quatos
183 3176 213 3228 E
238 3177 248 3244 ss
276 3181 308 3227 18
327 3175 490 3254 1199919119
508 3175 534 3227 L
556 3176 559 3242 1
582 3172 669 3226 Terra
687 3191 750 3227 cum
771 3174 796 3228 G
818 3176 827 3242 11
855 3180 888 3228 20
908 3173 1071 3254 sabulonem

62 3247 255 3387 ffieinnai
270 3245 491 3384 lutrinis
507 3243 1071 3395 transubstantiari

65 3388 196 3441 arbustus
218 3388 276 3457 QE
297 3391 305 3458 ΙΙ
329 3393 362 3440 25
381 3387 426 3440 lex
445 3389 502 3439 stet
520 3388 558 3454 L,
582 3385 638 3438 ilex
657 3386 805 3440 exstiterat
825 3387 850 3439 G
866 3388 869 3455 Ι
886 3387 960 3440 Nam
978 3387 1072 3441 excisa

64 3458 187 3512 acenius
214 3476 255 3513 us.
284 3462 313 3512 91
337 3457 447 3512 radices
471 3458 512 3525 E,
542 3473 638 3510 ceasus
664 3458 694 3527 Q,
724 3473 834 3511 cerasus
859 3458 890 3526 V,
919 3457 1008 3512 cernis
1033 3460 1075 3522 F„

64 3530 162 3583 cedrus
173 3548 195 3598 p
211 3531 215 3601 1
232 3532 261 3582 91
273 3547 322 3585 om.
339 3531 370 3599 V,
385 3529 472 3583 etiam
486 3528 1096 3600 9191991111),9199191199911119199111
