2370 3832
334 757 338 767 ’
375 748 519 822 LIBER
545 746 826 821 VNDECIMVS

560 873 640 928 srva

320 983 550 1052 MENSIS
583 983 887 1052 OOTOBER.

514 1256 683 1317 TITVLI.

173 1370 191 1435 I
226 1367 275 1434 De
299 1371 416 1434 adoreo
440 1371 473 1432 et
496 1367 621 1452 tritico,
648 1367 687 1431 de
709 1365 833 1432 hordeo
858 1370 1059 1436 cantherino
1080 1375 1142 1436 ets

229 1480 306 1523 eruo
338 1462 372 1522 et
402 1457 515 1542 lupino
549 1461 582 1521 et
613 1455 685 1541 piso
717 1458 751 1519 et
783 1454 910 1522 sisamo
945 1464 982 1524 et
1010 1459 1110 1526 faselo

228 1546 379 1610 serendis.

155 1633 191 1699 II
225 1633 275 1699 De
298 1634 358 1698 lini
381 1635 503 1699 semine
527 1635 670 1700 serendo.

140 1721 191 1787 III
225 1721 274 1787 De
301 1722 444 1787 notanda
470 1722 591 1788 uitium
617 1721 803 1805 fertilitate,
832 1744 933 1807 quam
961 1727 1110 1810 procide

227 1811 334 1876 bimus
357 1811 532 1897 punctioni.
1120 1839 1142 1878 ιο

118 1899 189 1966 IIII
224 1900 273 1966 De
299 1900 458 1986 ponendis
485 1900 589 1965 uineis
618 1900 671 1964 uel
693 1900 928 1986 propagandis,
956 1925 1109 1987 reparan-

227 1990 290 2075 dis,
313 1991 465 2076 putandis
489 1993 522 2054 et
545 1988 697 2054 arbustis.

161 2079 192 2145 V
227 2077 276 2144 Dc
299 2079 521 2164 ablaqueanda
541 2078 681 2142 nouella.

144 2168 192 2233 VI
227 2169 275 2234 De
298 2169 443 2234 utilitate
465 2167 693 2252 propagandae
716 2187 801 2231 nuno
824 2166 948 2232 uineae.

127 2256 194 2322 VII
228 2256 278 2322 De
301 2256 480 2322 inserendis
504 2256 674 2321 arboribus
697 2255 752 2319 uel
774 2254 907 2320 uitibus.
1121 2281 1144 2322 ιι

34 2342 36 2347 ’
111 2342 193 2408 Vm
228 2345 278 2410 De
306 2346 438 2412 oliuetis
465 2344 674 2409 instituendis
703 2347 735 2408 et
758 2343 917 2430 colendis,
945 2345 1108 2413 laetandis

226 2434 280 2497 uel
309 2435 460 2500 remediis
489 2455 601 2498 eorum
627 2432 681 2498 uel
708 2431 805 2497 oliuis
834 2433 1026 2500 condiendis
1056 2437 1108 2502 uel

226 2520 324 2587 fossis
346 2524 491 2608 riuisquc
513 2521 700 2608 purgandis.

94 2607 193 2674 VHII
228 2609 431 2691 Remedium,
455 2610 484 2675 si
506 2632 572 2675 uua
595 2611 748 2696 conpluta
772 2613 830 2673 est.

161 2698 191 2763 X
226 2696 275 2763 De
299 2699 370 2764 oleo
394 2662 491 2764 uiridi
514 2698 720 2765 faciendot
686 2703 720 2764 et
741 2698 879 2762 laurino.

166 2931 180 2980 1
209 2924 355 2978 LIBER—
361 2922 529 2979 OCTOBER
556 2941 605 2981 om
629 2927 705 2982 codd
732 2928 742 2996 ss
768 2931 786 2979 4
817 2924 940 2980 TITVLI
971 2926 1108 2984 MENSIS

95 2991 279 3052 OOTOBRIS
294 2995 396 3050 codices
418 3001 444 3050 et
465 2996 552 3066 iugc,
579 2997 740 3052 TITVLI-
745 2995 821 3051 horis
845 3012 895 3051 om
914 3013 929 3052 c
951 2998 961 3067 ΙΙ
985 3004 1002 3053 5
1028 2999 1043 3053 Ι
1066 2999 1109 3054 Dc

94 3066 318 3122 adoreo-horis
337 3082 387 3120 om
402 3066 451 3146 ΕΙ
468 3068 497 3120 et
514 3039 619 3122 hdrdeo
634 3069 739 3139 (ordeo)
756 3067 806 3122 θα
821 3069 826 3138 l
842 3067 989 3123 canterino
1004 3071 1084 3126 codd
1098 3071 1108 3143 ΙΙ

94 3139 165 3192 ddc
182 3137 268 3192 herbo
286 3134 396 3218 lupino,
414 3135 490 3206 piso,
511 3136 614 3192 sisamo
636 3157 654 3210 9
675 3141 685 3210 ΙΙ
713 3138 864 3193 8serendo
883 3155 934 3193 om.
952 3140 988 3210 iu
1013 3146 1108 3211 aqua

91 3179 427 3333 tritticum?
436 3208 717 3335 tttctttttzd'l
736 3214 930 3351 institi}
948 3209 1003 3334 ‘id
1020 3215 1109 3338 {tt}

92 3377 128 3387 -
132 3348 288 3420 purgandis
306 3365 356 3428 orn.
374 3347 408 3417 G,
431 3349 478 3403 uel
500 3349 583 3405 olinis
606 3350 769 3406 condiendis
790 3367 840 3407 cm.
859 3369 878 3405 c
907 3356 911 3420 Ι
941 3352 1108 3408 custodien-

92 3366 152 3470 disp
150 3368 206 3488 ij
215 3425 247 3474 18
266 3417 390 3488 ripisque
400 3390 431 3472 'L
444 3421 454 3488 ΙΙ
469 3426 501 3474 19
519 3422 561 3476 Dc
578 3422 737 3493 remedioy
