2378 3832
110 143 154 208 52
531 143 701 197 PALLADE

110 291 258 376 purgatis
283 289 433 354 omnibus
455 290 547 354 uelut
569 289 659 354 lacus
682 289 820 374 efficere>
841 292 880 353 ut
899 289 980 355 sotis
999 289 1125 374 tepori-

110 380 171 444 bus
195 384 228 444 et
251 378 412 444 imbribus
434 383 641 463 prouocetur.

125 609 187 677 Dlt
209 608 366 681 PRATIS.
389 607 688 680 ABSTINENDIS
712 608 763 674 IN
785 606 910 680 Lucre
933 608 1114 676 MACRIS.

57 738 92 805 Π
178 732 309 819 Apricis
346 739 403 799 aut
439 735 557 800 macris
591 739 648 798 aut
681 734 782 799 aridis
812 734 898 803 tacis
928 738 1028 819 prata
1060 735 1128 800 iam

111 825 282 908 purganda
305 827 381 889 eunt
404 827 437 888 et
461 847 480 888 a
502 845 619 908 pecore
641 822 844 888 uindicanda
1154 851 1164 891 s

143 1036 203 1101 DE
228 1034 584 1103 PROSOINDE'NDIS
608 1033 742 1101 AGRIS
765 1034 826 1100 ET
848 1033 1101 1103 IVNGENDIS

250 1141 395 1208 BVBVS
418 1141 507 1208 VEL
531 1141 707 1209 ARANDr
731 1139 993 1210 DISCIPLINA„

61 1272 113 1338 III
180 1268 324 1355 Pingues
354 1273 386 1334 et
414 1268 492 1333 sicci
520 1268 591 1352 agri
619 1267 784 1352 proscindi
816 1271 849 1332 et
877 1269 1032 1352 apparari
1062 1269 1131 1334 iem

112 1362 259 1443 possunt.
296 1359 352 1423 sed
374 1358 476 1422 boues
500 1357 615 1421 melius
640 1355 724 1421 collo
744 1378 841 1439 quam
860 1356 967 1440 capite
986 1357 1128 1445 iungun-

113 1454 180 1512 tur:
210 1469 305 1531 quoe,
327 1447 384 1511 ubi
408 1447 449 1510 ad
471 1467 641 1510 uersuram
663 1446 827 1531 uenerint,
850 1450 961 1510 arator
984 1447 1129 1512 retineat
1142 1472 1163 1512 ιο

114 1541 148 1600 et
178 1535 292 1620 iugum
325 1535 503 1619 propellat,
540 1538 579 1598 ut
616 1555 729 1599 eorum
763 1534 849 1599 colle
879 1533 1129 1620 refrigerentur.

115 1623 223 1688 sulcus
256 1627 366 1688 autem
398 1623 433 1687 in
465 1622 667 1688 arationibus
699 1623 831 1708 longior
862 1645 961 1707 quam
994 1629 1128 1690 centum

114 1712 234 1798 uiginti
265 1713 384 1796 pedum
418 1733 486 1776 esse
518 1734 585 1776 non
613 1712 717 1776 debet.
764 1712 959 1776 seruandum
989 1717 1056 1800 est,
1088 1737 1128 1779 ne

71 1806 90 1868 2
114 1802 201 1865 inter
220 1803 328 1866 sulcos
346 1824 413 1865 non
432 1805 523 1866 mota
536 1805 625 1865 terra
638 1801 849 1885 relinquatur.
882 1801 998 1887 glebae
1014 1824 1128 1868 omnes

114 1890 258 1954 dolabris
274 1889 477 1974 dissipandae
492 1894 578 1954 sunt.
601 1891 657 1955 sed
671 1890 851 1974 aequaliter
862 1893 985 1955 terram
1000 1896 1128 1957 motam
1141 1916 1163 1957 u

114 2001 184 2044 esse
213 1979 400 2064 cognoscis„
428 1978 457 2043 si
483 1983 706 2047 transuersam
737 2001 795 2065 per
827 1979 936 2044 sulcos
966 1980 1129 2064 perticam

113 2069 241 2133 mittas:
270 2090 352 2152 quae
379 2090 431 2132 res
459 2069 588 2152 saepius
616 2067 704 2132 facta
731 2068 890 2133 bubulcos
919 2069 959 2132 ab
988 2067 1051 2134 hac
1075 2093 1129 2135 ne·

115 2157 281 2243 glegentia
302 2158 530 2222 summouebit.
567 2157 816 2242 obseruandum,
838 2179 880 2221 ne
898 2157 1030 2223 lutosus
1048 2180 1129 2247 ager

115 2252 224 2311 aretur
248 2252 313 2330 ant,
337 2247 423 2331 quod
446 2268 542 2333 saepe
564 2247 613 2332 fit,
635 2251 711 2330 post
733 2245 849 2331 longas
873 2245 1043 2312 siccitates
1061 2247 1129 2313 leui

71 2340 92 2403 3
116 2335 219 2400 imbre
242 2336 401 2418 perfusus.
441 2358 518 2400 nam
541 2339 642 2418 terra,
670 2355 753 2418 quae
775 2335 885 2399 lutosa
905 2338 1071 2400 tractatur
1094 2336 1166 2402 inae

114 2424 304 2509 primordio,
327 2424 430 2489 fertur
458 2429 530 2490 toto
555 2446 639 2489 anno
661 2445 728 2488 non
750 2445 847 2508 posse
870 2423 1020 2489 tractari:
1044 2447 1130 2510 quae

116 2515 227 2580 autern
258 2533 356 2596 supra
386 2512 504 2578 leuiter
535 2514 644 2579 infusa
676 2516 726 2577 est
758 2516 791 2576 et
822 2513 939 2582 subter
967 2513 1067 2599 sicca,
1101 2515 1131 2582 si

115 2604 195 2669 tunc
218 2605 337 2686 aretur,
361 2601 522 2671 adseritur
544 2624 603 2686 per
625 2601 802 2668 triennium
825 2601 948 2669 sterilis
971 2601 1053 2669 fieri
1096 2610 1131 2671 et

115 2689 188 2754 ideo
222 2690 427 2756 mediocriter
458 2690 585 2760 infusus
617 2713 711 2777 ager,
745 2695 783 2757 ut
815 2712 877 2760 nec.
906 2691 1039 2759 lutosus·
1066 2714 1131 2764 noe

115 2779 225 2844 aridus
250 2778 307 2864 sit,
329 2780 493 2864 proscindi
516 2780 621 2845 debet.
662 2780 691 2844 si
714 2779 809 2846 collis
832 2784 892 2863 est,
917 2783 1129 2847 transuersus
1144 2807 1169 2848 a

188 3015 201 3062 1
221 3007 394 3078 temporibus
415 3008 450 3075 G,
473 3007 645 3077 temperibus
666 3008 697 3061 E
717 3010 727 3078 ΙΙ
750 3015 765 3061 2
790 3010 819 3061 et
841 3006 980 3062 imbribus
1002 3025 1053 3064 om.
1074 3011 1103 3065 G

115 3082 304 3150 prouocentur
325 3081 418 3150 inope
440 3081 450 3148 ΙΙ
473 3084 488 3132 7
511 3078 602 3133 bobus
625 3080 713 3134 Educ
736 3081 785 3149 118
809 3077 911 3149 aperiri
930 3079 971 3148 E,
996 3083 1103 3150 aptap

117 3158 151 3205 10
170 3150 289 3205 ueniunt
306 3152 318 3204 a'
335 3154 345 3221 i
364 3157 397 3204 12
417 3150 514 3204 autin
533 3149 676 3204 rationibus
697 3151 728 3221 Q,
749 3153 844 3207 autem
861 3149 1055 3205 mansionibus
1073 3153 1106 3206 F

117 3229 151 3274 13
170 3223 339 3276 seruandum
357 3238 424 3276 uero
443 3225 486 3276 est
504 3239 553 3290 aa,
573 3221 664 3294 [uero]
682 3240 722 3293 cp·
736 3224 746 3292 {t
768 3228 802 3275 14
821 3221 977 3290 aequaliter
994 3225 1107 3278 motai

117 3299 150 3346 15
174 3293 198 3346 si
221 3295 275 3362 ΕΙ,
305 3292 346 3347 sic
368 3293 414 3349 E’
438 3309 491 3362 pro
522 3292 646 3346 dolabris
674 3296 683 3363 ΙΙ
711 3299 744 3346 16
771 3294 855 3365 [esse]
882 3311 922 3364 cp>
949 3295 959 3363 ΙΙ
992 3300 1027 3348 18
1054 3313 1130 3349 sum-

115 3367 212 3417 mouet
231 3365 257 3418 G
282 3365 286 3435 Ι
312 3364 526 3418 obseruandum
544 3367 588 3418 est
605 3366 671 3432 ias,
690 3365 757 3436 [est]
775 3382 812 3435 cp
836 3366 840 3434 Ι
862 3363 962 3418 lutosis
981 3366 1015 3433 P,
1034 3364 1131 3421 lutuo-

116 3451 161 3488 soe
183 3435 242 3503 QE
258 3438 272 3504 J}
296 3441 329 3488 20
344 3435 467 3506 perfusis
487 3437 515 3490 P
538 3440 541 3506 Ι
564 3436 679 3490 lutuoea
697 3438 741 3490 est
757 3438 898 3489 tractatur
917 3437 946 3489 E
966 3438 981 3506 Q
1000 3443 1033 3490 21
1052 3437 1131 3506 prin·

104 3503 178 3572 cr'pro
187 3508 243 3574 fid
252 3511 289 3558 24
306 3505 441 3564 iutuosus
460 3510 492 3565 Ε
