2378 3832
110 143 173 206 162
527 141 696 195 PALLADII

108 310 204 354 umor
232 288 407 352 deducetur
433 290 467 351 et
493 287 564 372 agri
588 287 694 371 spatia
716 309 783 351 non
804 286 969 370 peribunt.
1019 287 1047 351 si
1071 287 1123 351 de-

108 377 231 441 fuerint
249 377 382 461 lapides,
401 376 573 440 sarmentis
592 376 645 440 uel
664 376 821 440 stramine
842 374 994 441 subiecto
1009 397 1121 459 coepe

108 468 235 530 riantur
258 466 310 529 uel
330 464 585 549 quibuscumque
604 463 766 550 uirgultis.
803 464 860 529 sed
878 464 908 529 si
926 485 1117 529 nemorosus

109 558 172 638 est,
207 553 378 637 extirpatis
406 558 462 618 aut
489 575 562 617 raro
590 552 713 618 relictis
742 553 916 618 arboribus
944 553 1115 638 excolatur,

62 643 84 708 3
109 642 137 707 si
160 643 340 726 lapidosus,
367 664 425 726 per
448 641 603 706 macerias
627 663 779 706 saxorum
801 642 901 706 turba
914 642 1064 708 collecta
1083 646 1139 707 etr

107 730 241 816 purgari
264 731 387 814 poterit
410 735 442 796 et
464 731 538 795 inde
562 730 691 794 muniri.
729 730 843 796 iuncus
866 735 901 795 et
924 751 1062 816 gramen
1082 733 1110 794 ct

106 820 208 886 filices
241 819 404 904 frequenti
436 819 581 884 aratione
608 820 787 884 uincantur.
834 819 890 884 sed
923 819 1057 904 filicem,
1084 819 1108 883 si

108 931 203 992 saepe
222 907 333 973 fabam
352 929 501 973 conseras
520 909 572 972 uel
591 908 721 992 lupinos
740 908 816 973 etsi
835 908 973 973 subinde
988 929 1107 973 nascen-

107 1002 173 1062 tem
195 1018 347 1063 mucrone
366 997 459 1061 falcis
479 997 612 1083 incidas,
634 997 721 1061 intra
740 995 894 1083 exiguum
913 1001 1044 1080 tempus
1061 997 1104 1060 ab·

106 1109 223 1152 sumes.
1113 1107 1130 1146 o

133 1278 193 1347 nn
218 1279 437 1348 occANDIS
461 1279 640 1345 vrrrevs
664 1278 1010 1357 Aneonrsusovn
1034 1278 1083 1345 m

132 1387 254 1453 nunu
276 1385 532 1471 canonum,
555 1383 797 1452 ronmunrs
819 1383 1085 1470 suurumurs,

150 1491 371 1560 rvrnunrs
396 1491 524 1559 ornis
548 1492 606 1559 no
629 1490 793 1558 nvrruo
814 1492 1066 1558 unnrnuno.

51 1618 122 1684 IIII
190 1617 261 1682 Hoc
295 1640 404 1682 mense
437 1618 569 1682 arbores
598 1623 631 1682 et
656 1618 755 1700 uites,
788 1640 870 1702 quae
903 1618 1101 1704 ablaqueatae

105 1707 248 1790 fuerant,
273 1728 397 1789 occare,
419 1707 482 1771 hoc
506 1711 564 1787 est,
588 1707 713 1791 operire
735 1706 802 1772 iam
825 1707 988 1772 conuenit.
1027 1725 1128 1770 nuncu

105 1796 145 1859 ad
159 1794 271 1860 rudem
285 1795 466 1860 faciendam
480 1795 564 1860 silua
579 1796 741 1881 caedatur,
755 1797 883 1880 quando
899 1796 989 1860 omni
1001 1794 1103 1860 fronde

104 1884 226 1949 uestita
250 1890 309 1949 est.
356 1883 507 1949 caedendi
531 1889 641 1948 autem
662 1884 717 1949 hic
740 1885 854 1949 modus
878 1888 942 1969 est,
970 1890 1009 1948 ut
1031 1883 1104 1968 opti·

106 1996 177 2037 mus
202 1974 367 2057 operarius
391 1973 425 2037 in
449 1973 516 2037 alta
539 1974 623 2037 silua
646 1973 747 2038 modii
766 1973 917 2057 spatium,
941 1971 1103 2038 mediocris

61 2064 83 2128 2
106 2084 185 2127 uero
205 2063 304 2127 tertia
322 2063 429 2127 minus
448 2062 554 2147 possit
573 2062 746 2127 abscidere.
781 2084 867 2127 nunc
888 2066 922 2127 et
941 2061 1106 2126 seminaria

105 2152 272 2216 fodiuntur
309 2152 439 2217 adsidue
478 2155 510 2215 et
546 2151 627 2215 locis
660 2151 855 2236 praegelidis
888 2155 922 2215 et
953 2150 1134 2235 pluuiosisu

105 2241 194 2305 oleae
221 2245 377 2326 putantur
405 2245 438 2304 et
467 2239 512 2304 eis
541 2262 670 2305 muscus
700 2239 875 2305 abraditur.
921 2243 955 2303 at
983 2241 1013 2304 si
1040 2238 1106 2324 quis

104 2329 252 2413 lupinum
271 2329 472 2394 stercorandi
491 2330 562 2414 agri
581 2351 678 2394 causa
691 2329 874 2412 seminabit,
894 2332 1005 2393 aratro
1019 2329 1106 2393 illum

103 2439 189 2482 nunc
212 2418 343 2483 debebit
367 2423 519 2483 euertere.

175 2590 403 2661 usuperiectop
433 2596 436 2661 Ι
466 2591 644 2661 coperiantur
662 2593 693 2660 V,
713 2591 875 2662 operiantur
893 2591 971 2661 sup
998 2595 1009 2664 ΙΙ
1036 2599 1108 2646 dre·

104 2659 249 2731 colaturp
275 2665 284 2732 11
311 2668 364 2717 5a
386 2663 471 2717 turba
494 2663 626 2718 collectas
650 2680 685 2734 cp
711 2665 721 2734 ΙΙ
748 2661 891 2717 dturbari
909 2662 984 2717 8¹1⁴?
1012 2666 1016 2733 Ι
1045 2662 1107 2716 inde

103 2748 153 2786 om.
168 2750 191 2801 p
206 2734 209 2805 l
226 2733 334 2787 muneri
355 2733 378 2804 Q
397 2735 407 2802 ll
430 2741 445 2787 7
465 2733 561 2787 felices
580 2735 606 2787 L
624 2738 633 2803 u
656 2741 672 2789 8
691 2734 818 2788 conferas
837 2734 867 2787 E
881 2736 885 2803 Ι
901 2736 1038 2788 nascente
1056 2734 1085 2787 E
1099 2734 1108 2803 ll

104 2809 119 2857 9
138 2820 267 2858 mocrone
286 2806 313 2859 L
332 2807 336 2874 Ι
363 2806 492 2858 adsumes
511 2806 603 2931 LVAE
626 2812 657 2859 12
676 2805 775 2859 RURE
797 2805 893 2875 QVG,
912 2804 1040 2858 RURAE
1059 2805 1106 2873 Pl

104 2873 384 2930 SEAEAMINARHS
408 2877 436 2928 P
460 2879 469 2945 n
497 2881 529 2929 13
557 2875 579 2928 P
605 2875 738 2929 TANDIS
762 2877 790 2930 P
814 2878 823 2945 ΙΙ
852 2881 884 2930 15
912 2876 1033 2930 hoccare
1056 2876 1107 2946 Pl

103 2946 211 3015 aperire
232 2947 255 3016 Q
280 2948 283 3018 l
312 2964 363 3001 nos
388 2963 440 3015 pro
468 2946 562 3016 iamp
591 2953 595 3016 Ι
624 2947 705 3001 Nunc
733 2947 905 3002 caedendam
933 2963 995 3001 esse
1023 2949 1108 3000 mate·

103 3015 174 3070 riam
197 3018 309 3086 quando
333 3017 408 3072 omni
430 3017 529 3072 fronde
548 3017 621 3072 silua
639 3018 744 3072 uestita
763 3021 806 3072 est
825 3020 869 3088 pss
884 3025 916 3072 17
936 3018 991 3072 hoc
1006 3019 1033 3072 L
1049 3019 1053 3090 Ι
1069 3021 1110 3072 est

103 3104 153 3142 om.
168 3090 198 3142 E
219 3091 228 3158 ΙΙ
252 3094 284 3142 19
305 3088 468 3142 abscindere
486 3106 522 3143 as
544 3090 553 3158 ΙΙ
576 3095 609 3142 20
632 3089 784 3159 pergelidis
805 3089 847 3144 cs·
871 3090 876 3160 Ι
900 3088 1037 3159 pluuialis
1057 3088 1086 3142 E
1100 3088 1110 3158 1}

104 3165 136 3211 21
157 3159 183 3213 ei
203 3160 299 3231 Glac
318 3158 478 3230 Fquuis
497 3176 546 3214 om.
561 3162 601 3229 L,
620 3160 669 3228 qui
687 3161 884 3231 acuPQSF
902 3163 912 3231 ll
936 3166 970 3214 22
991 3160 1109 3215 semina·

104 3229 149 3284 nit
166 3231 238 3286 SEs
254 3233 258 3301 Ι
274 3230 355 3285 illum
373 3247 422 3286 cm.
434 3232 479 3300 pu
493 3236 526 3283 23
546 3231 632 3285 debet
649 3232 679 3285 E
