2370 3832
459 182 577 239 AGRIO.
592 183 632 238 XI
645 190 732 240 8-11
1034 186 1103 250 217}

88 328 135 393 ibi
154 328 261 412 putris
281 332 338 393 aut
358 328 443 394 sicca
462 333 522 413 cst,
540 351 696 395 remoues.
727 331 785 397 ubi
804 353 883 396 uero
898 332 1101 416 conpleueris

88 417 222 482 modum
244 416 388 502 factorii,
412 417 496 484 sales
519 418 618 484 tritos
641 420 694 483 uel
715 442 782 484 non
805 418 918 503 tritos,
941 421 1027 504 quod
1051 424 1102 484 est

89 505 221 590 melius,
248 507 282 570 in
310 507 431 572 oliuam
459 508 594 572 eandem
624 508 736 574 mittes
759 508 952 593 perdecem
974 509 1101 574 modios

89 598 158 660 tres
183 595 260 660 salis
284 599 317 660 et
337 596 439 660 moles
458 596 565 681 primo
584 600 617 661 et
636 597 682 662 sic
702 598 832 663 salitam
850 598 885 661 in
903 599 998 663 nouis
1019 597 1103 663 cani·

63 683 169 748 astris
193 705 264 749 esse
287 683 433 767 patieris,
455 689 492 750 ut
514 690 685 770 pernoctat
709 709 782 752 curn
806 687 929 751 salibus
953 691 986 752 et
1005 687 1103 752 ducat

90 773 127 837 in
154 794 188 837 se
216 773 345 838 eosdem
374 795 518 858 sapores:
552 796 589 840 ac
622 797 715 840 mane
742 776 848 860 premi
875 775 1011 860 incipiat
1039 775 1103 841 olei
1144 786 1147 834 1

93 860 259 926 meliorem
274 862 397 927 fluxum
412 863 578 929 redditura
592 864 671 928 salis
686 885 800 949 sapore
816 870 981 949 concepto.
1009 887 1103 930 cana-
1126 866 1147 930 2

91 950 140 1016 les
168 972 245 1015 sane
275 955 308 1016 et
331 951 441 1016 omnia
464 951 667 1036 receptacula
691 953 754 1018 olei
778 953 882 1018 calida
906 975 990 1038 aqua
1012 953 1104 1038 prius

92 1039 229 1124 locabis,
251 1045 289 1104 ut
312 1040 395 1105 nihil
415 1042 453 1105 de
473 1043 549 1105 anni
567 1041 737 1126 praeteriti
755 1063 889 1107 rancore
910 1043 1104 1107 custodiant.

52 1153 78 1191 ιο
92 1128 184 1193 focos
208 1128 308 1194 etiam
329 1151 397 1194 non
418 1130 553 1214 propius
577 1131 781 1214 admonebis,
802 1152 843 1195 ne
867 1130 931 1195 olei
955 1153 1105 1215 saporem

92 1216 202 1282 firmus
231 1217 362 1283 inficiat.
407 1241 493 1284 nunc
521 1241 631 1284 mense
659 1223 826 1304 postremo
849 1218 930 1284 locis
954 1218 1048 1284 siccis
1072 1224 1105 1283 et

94 1306 208 1371 calidis
232 1307 272 1371 ad
296 1307 404 1372 oleum
425 1306 609 1385 faciendum
632 1308 716 1372 lauri
739 1308 837 1373 bacas
861 1308 1016 1393 legemus.

474 1536 534 1603 DE
558 1535 730 1604 HORTIS.

164 1661 276 1727 Mense
305 1662 432 1727 octobri
461 1664 596 1728 serenda
628 1667 705 1729 sunt
732 1663 859 1748 intyba,
893 1685 974 1748 quae
1006 1661 1161 1728 hiemiXI

10 1765 12 1768 ’
56 1772 82 1812 15
98 1751 250 1816 seruiant.
293 1755 404 1816 amant
427 1774 557 1818 umores
581 1756 613 1817 et
637 1757 759 1818 terram
783 1752 933 1818 solutam.
976 1750 1106 1817 harenis
1149 1792 1152 1800 ·

97 1844 131 1905 et
163 1839 257 1904 salsis
290 1840 371 1905 locis
404 1844 501 1925 atque
534 1841 708 1907 maritimis
744 1863 871 1906 summa
902 1841 1107 1926 proueniunt.

98 1949 174 1993 arca
200 1929 252 1993 his
280 1929 408 2013 planior
436 1930 623 2016 adparetur,
655 1953 696 1995 ne
725 1930 849 1996 radices
879 1952 991 1995 eorum
1019 1935 1108 1994 terra

97 2017 244 2103 fugiente
276 2019 447 2083 nudentur.
498 2023 655 2103 quattuor
686 2018 841 2083 foliorum
868 2017 1108 2082 transferantur

97 2107 139 2171 ad
161 2106 270 2172 locum
285 2109 512 2191 stercoratam.
550 2112 629 2172 tuno
647 2107 779 2190 plantae
799 2107 910 2172 cardui
928 2110 1108 2190 ponuntur:

57 2217 83 2256 ao
99 2216 179 2279 quas
203 2217 276 2261 cum
298 2217 470 2280 ponemus,
497 2196 623 2260 radices
647 2216 758 2259 earum
784 2216 927 2259 summas
951 2193 1036 2258 ferro
1060 2215 1108 2258 re·

100 2305 247 2349 secamus
280 2306 317 2349 ac
343 2285 426 2349 ‘fimo
459 2283 656 2370 tinguimus:
687 2287 817 2347 ternum
850 2282 968 2366 pedum
1001 2281 1108 2366 spatio
1151 2333 1153 2337 ,

99 2395 288 2457 separamus
315 2372 507 2439 incrementi
536 2394 633 2438 causa
659 2372 767 2457 pedali
795 2372 909 2436 scrobe
942 2371 1107 2454 depositas

98 2461 193 2526 binas
221 2467 278 2527 aut
306 2466 427 2528 ternas.
472 2462 613 2527 cinerem
642 2482 738 2544 saepe
766 2460 826 2524 sub
859 2460 964 2525 hieme
995 2459 1108 2525 diebus

99 2550 194 2616 siccis
217 2551 394 2636 fimumque
418 2549 635 2617 miscebimus.
675 2550 739 2615 hoc
762 2570 871 2614 mense
896 2549 1001 2634 sinapi
1025 2547 1153 2614 sere-2

59 2656 85 2696 2⁵
99 2661 180 2704 mus.
226 2643 348 2704 terram
376 2640 485 2724 diligit
513 2643 638 2704 aratam
664 2642 710 2723 ct,
739 2637 767 2703 si
789 2638 861 2703 fieri
883 2641 1009 2723 potest,
1037 2659 1110 2703 con·

100 2728 286 2814 gesticiam,
324 2729 473 2812 quamuis
511 2729 704 2812 ubicumque
739 2731 902 2792 nascatur.
955 2727 1111 2791 surculari

100 2817 197 2882 debet
224 2818 369 2902 adsidue,
400 2823 437 2881 ut
465 2821 674 2902 respergatur
702 2817 849 2900 puluere,
880 2837 943 2899 quo
971 2815 1110 2880 fouetur.

173 2973 242 3028 1ibi
258 2973 348 3028 uirtus
363 2973 454 3044 putris
471 2974 526 3029 SE
538 2976 576 3043 113
594 2973 715 3027 eandam
727 2973 790 3027 PV
807 2972 811 3044 l
830 2970 921 3026 mittis
936 2986 1025 3026 omues
1041 2971 1045 3039 Ι
1060 2986 1112 3039 pro

101 3044 198 3099 decem
217 3044 320 3100 modiis
336 3046 388 3116 ΕΙΙ
405 3052 422 3099 4
440 3045 538 3099 molles
560 3043 627 3098 salis
643 3045 680 3113 E,
698 3043 781 3098 molis
802 3044 901 3113 ceteril
922 3041 1046 3096 sallitam
1065 3040 1087 3094 S

100 3121 116 3170 6
139 3116 247 3186 saporis
266 3118 290 3171 V
315 3119 319 3185 Ι
343 3115 461 3186 incipiet
474 3116 506 3170 Ε
525 3119 534 3186 ΙΙ
558 3121 573 3169 7
598 3131 696 3185 sapore
720 3114 787 3169 salis
805 3114 836 3168 E
856 3116 865 3184 ll
889 3120 921 3168 10
945 3127 1044 3181 sapore
1064 3111 1091 3164 V

102 3192 136 3241 14
154 3187 248 3243 intiba
266 3188 449 3243 PLVGSE
456 3188 481 3240 T
507 3189 511 3257 l
540 3185 632 3240 hieme
651 3186 703 3241 Eu
729 3189 739 3256 ll
768 3190 800 3240 15
814 3186 909 3238 Arena
926 3186 956 3253 Τ,
980 3182 1112 3236 Arenosis

100 3276 179 3329 aega
192 3263 202 3330 ΙΙ
217 3264 250 3312 17
265 3262 293 3313 et
309 3260 414 3313 areaE
426 3262 435 3329 ll
450 3265 482 3312 19
497 3258 578 3312 Nunc
593 3257 728 3328 FGicgs
742 3260 751 3328 ll
765 3262 799 3310 20
814 3271 1001 3326 conponemus
1012 3254 1112 3324 PVF,

101 3346 298 3401 componemus
321 3330 377 3386 SE
399 3333 409 3400 ΙΙ
443 3336 476 3384 21
500 3332 550 3384 aut
569 3345 622 3397 pro
646 3345 679 3383 ac
699 3329 725 3384 G
757 3331 761 3397 Ι
793 3326 928 3398 tingimus
947 3326 1065 3380 LGiac
1090 3342 1113 3394 s,

101 3402 245 3472 tangimus
263 3402 300 3469 Ε,
319 3404 447 3472 tegemus
465 3402 492 3455 V
518 3403 522 3471 Ι
553 3400 657 3470 pedum
675 3416 725 3454 om.
745 3400 771 3455 G
793 3401 803 3468 ΙΙ
830 3404 863 3452 22
884 3413 1043 3467 separemus
1111 3396 1119 3535 p

101 3480 137 3528 24
155 3471 286 3528 miscebis
303 3474 329 3528 G
344 3477 348 3544 1
365 3473 463 3543 serapi
475 3472 573 3540 PLF,
593 3470 715 3541 sinapim
733 3471 757 3526 S
762 3471 894 3541 Pincus,
914 3468 1043 3538 sinopem
1061 3466 1091 3519 E

102 3550 138 3600 25
157 3547 283 3600 arentem
300 3545 331 3599 Ε
343 3547 352 3615 ΙΙ
366 3549 399 3598 27
418 3546 599 3614 respergatur
619 3543 661 3599 Gi
