2378 3832
500 183 616 238 AGRIC.
632 185 645 237 I
660 190 675 237 6
1067 184 1086 248 9

69 331 165 396 mala
192 351 293 414 aeque
321 334 453 414 nocent,
482 329 652 413 sterilitas,
681 330 828 411 morbus,
855 329 991 394 uicinus.
1033 329 1089 412 qui
1122 331 1141 393 'l

69 425 200 484 terram
230 419 373 483 sterilem
402 419 506 483 uineis
535 421 684 502 occupat,
713 422 745 482 et
772 417 939 482 laboribus
965 418 1089 482 suiset

70 507 264 592 sumptibus
288 512 338 572 est
361 507 522 573 inimicus.
563 507 668 591 campi
692 507 816 591 largius
839 507 965 591 uinum,
989 507 1087 572 colles

70 597 222 663 nobilius
251 595 367 661 ferunt.
413 597 523 680 aquilo
551 596 635 660 uites
664 596 727 659 sibi
756 596 899 660 obiectas
926 595 1089 681 fecundat,

40 690 191 755 aauster
215 686 378 750 nobilitat.
423 686 472 750 ita
498 686 533 749 in
561 685 697 750 arbitrio
722 690 786 768 ert,
814 685 887 768 plus
911 685 1088 750 habeamus

73 799 120 841 an
139 775 264 839 melius.
295 775 472 840 necessitas
490 774 580 838 feriis
601 777 697 838 caret.
729 772 878 857 quamuis
898 775 1088 857 temperatis

73 864 168 951 agris
189 864 357 928 serendum
378 864 430 948 sit,
448 868 558 927 tamen
576 863 604 926 si
624 863 753 927 siccitas
772 864 871 947 longa
888 867 946 942 est,
967 863 1090 927 semina

74 957 193 1019 occata
219 953 323 1016 tutius
351 953 386 1016 in
414 951 501 1038 agris
530 974 627 1036 quam
655 953 689 1015 in
712 951 839 1016 horreis
863 953 1090 1017 seruabuntur.

74 1044 152 1108 uiae
180 1042 306 1105 malitia
334 1063 435 1125 aeque
462 1045 494 1106 et
517 1039 696 1123 voluptatis
721 1045 753 1105 et
776 1038 931 1104 utilitatis
955 1042 1091 1105 aduersa

29 1161 57 1200 ιο
76 1135 140 1196 est.
177 1130 233 1214 qui
252 1151 367 1215 agrum
387 1130 473 1210 colit,
497 1151 630 1215 grauem
649 1129 783 1194 tributis
803 1129 995 1194 creditorem
1009 1131 1091 1212 pati·
1124 1132 1145 1194 8

77 1227 144 1302 tur,
164 1219 215 1284 cui
230 1218 298 1283 sine
313 1240 370 1303 spe
385 1219 601 1284 absolutionis
617 1219 794 1282 obstrictus
810 1221 867 1282 est.
899 1216 955 1300 qui
970 1218 1090 1282 arando

79 1309 216 1375 crudum
249 1308 356 1372 solum
383 1307 468 1372 inter
496 1307 603 1372 sulcos
632 1306 800 1391 relinquit,
833 1306 901 1370 suis
930 1306 1090 1371 fructibus

78 1400 233 1482 derogat,
269 1400 375 1461 terrae
407 1398 597 1461 ubertatem
636 1396 782 1460 infamat.
837 1395 1004 1460 fecundior
1041 1400 1091 1459 est

79 1487 172 1553 culta
190 1484 352 1572 exiguitas
372 1508 469 1571 quam
484 1484 675 1570 magnitudo
689 1485 848 1570 neglecta.
879 1482 990 1570 nigras
1005 1484 1090 1548 uites
1123 1485 1145 1548 9

29 1605 60 1644 15
78 1576 213 1641 omnino
233 1575 381 1659 repudies
400 1575 463 1639 nisi
481 1574 515 1638 in
534 1573 712 1657 prouinciis
730 1578 765 1638 et
784 1573 852 1638 eius
869 1573 1007 1658 generis,
1027 1594 1090 1656 quo

78 1663 291 1730 acinaticium
310 1664 382 1728 fieri
402 1662 580 1729 consueuit.
612 1661 742 1748 longius
762 1662 993 1727 adminiculum
1012 1661 1091 1727 uitis

78 1756 282 1818 incrementa
304 1753 463 1836 producit.
503 1757 649 1816 teneram
673 1755 706 1816 et
729 1750 866 1815 uiridem
889 1752 990 1815 uitem
1014 1751 1091 1815 ferri

78 1842 150 1908 acie
173 1863 213 1905 ne
237 1840 371 1905 recidas.
409 1842 514 1906 omnis
538 1842 680 1906 incisura
705 1840 860 1904 sarmenti
885 1844 1052 1904 auertatur
1073 1862 1092 1904 a

77 1952 218 2018 gemma,
236 1951 277 1994 ne
297 1952 369 1994 eam
388 1929 487 2013 stilla,
507 1951 588 2013 quae
603 1930 702 1994 fluere
717 1929 895 2014 consueuit,
913 1930 1092 2013 extinguat.

28 2051 61 2090 20
76 2041 140 2106 pro
168 2019 271 2083 macie
298 2020 352 2083 uel
380 2018 545 2084 soliditate
573 2018 691 2083 uitium
722 2018 896 2083 nutrienda
928 2021 1092 2082 sarmenta

77 2112 215 2195 putator
247 2108 407 2192 iniungat.
452 2113 541 2171 terra
570 2107 745 2192 profunda,
778 2107 864 2190 quod
893 2104 1009 2170 Graeci
1040 2106 1093 2168 ad-

77 2201 208 2281 senmt,
232 2197 321 2261 oleae
346 2195 484 2282 grandes
509 2197 641 2260 arbores
665 2195 779 2276 efficit,
803 2195 929 2258 fructus
950 2194 1092 2258 minores

77 2293 114 2353 et
138 2290 275 2370 aquatus
299 2307 336 2350 aa
361 2307 450 2350 seros
471 2285 639 2370 magisque
659 2305 806 2348 amurcae
826 2283 1000 2366 proximos.
1038 2305 1092 2347 aer

77 2377 169 2442 oleas
198 2374 326 2459 tepidus
354 2374 447 2439 iuuat
475 2377 507 2437 et
535 2372 642 2438 uentis
666 2372 883 2437 mediocribus
907 2372 976 2436 sine
1000 2372 1034 2436 ui
1058 2377 1091 2437 et

29 2496 61 2537 25
76 2467 214 2531 horrore
236 2462 423 2548 perflabilis.
461 2462 554 2546 uitia,
578 2483 658 2544 quae
683 2462 723 2525 ad
746 2461 859 2546 iugum
879 2461 1010 2544 colitur,
1032 2483 1090 2546 per
1104 2461 1147 2525 10

153 2628 166 2674 1
193 2622 259 2673 sunt
290 2636 362 2687 quae
390 2622 454 2688 (pro
483 2621 586 2689 aeque)
609 2619 640 2672 E
671 2619 676 2688 Ι
710 2618 751 2672 De
778 2620 854 2672 terra
882 2618 971 2672 sterili
998 2618 1092 2672 vinea·

76 2711 141 2746 rum
161 2695 213 2746 etc.
234 2691 313 2745 addit
336 2690 374 2744 &³
392 2692 424 2744 ia
441 2693 564 2762 margine
578 2692 586 2759 Η
606 2696 621 2741 2
640 2689 777 2743 latoribus
799 2691 845 2758 G¹‚
870 2689 1005 2743 lateribus
1026 2689 1066 2744 G³
1083 2689 1092 2760 ΗΗ

78 2772 95 2818 3
115 2763 228 2832 iniquus
248 2761 309 2828 SE,
328 2760 419 2814 inicus
438 2762 469 2814 F
489 2765 497 2831 Η
522 2767 538 2815 4
557 2762 598 2815 De
618 2777 682 2815 aere
701 2763 730 2814 et
748 2759 808 2814 celo
828 2777 900 2828 quae
919 2759 1007 2814 vineis
1026 2777 1092 2813 con-

77 2833 159 2888 venit
178 2837 231 2887 etc.
251 2833 331 2886 addit
351 2832 390 2886 6³
408 2835 439 2886 ia
457 2834 580 2903 marpiac
594 2835 603 2901 Η
622 2837 637 2884 5
656 2831 687 2884 in
706 2831 823 2885 arbitrio
842 2834 937 2885 nostro
959 2831 1066 2900 Gacps
1087 2831 1089 2897 Η

77 2910 174 2959 utrum
192 2903 256 2974 plus
275 2921 321 2974 cy,
341 2904 458 2984 [utrum]
478 2904 540 2972 plus
560 2921 572 2957 s
604 2906 613 2972 Η
645 2909 660 2955 6
679 2902 814 2956 nobilitas
834 2902 864 2955 F
875 2904 913 2970 Ηὸ
933 2901 1028 2955 locata
1047 2901 1092 3024 (ΗΗ

79 2984 95 3030 9
115 2976 180 3029 uiae
200 2993 249 3030 om.
265 2973 722 3044 p‚u1ababcatVElmalitiae
743 2975 778 3042 Q,
803 2972 930 3027 malitiae
953 2988 1041 3040 aeque
1085 3016 1091 3040 ‚

78 3047 192 3101 malitia
211 3063 228 3099 a
247 3061 318 3113 quae
337 3046 391 3099 uol.
409 3064 430 3114 p
447 3050 450 3110 Ι
468 3048 496 3098 et
514 3045 656 3113 uoluptati
675 3044 712 3098 δ’
730 3061 828 3112 capra,
856 3044 1027 3112 TFGacps
1043 3046 1046 3112 Η
1064 3047 1093 3096 et

78 3116 201 3172 utilitati
221 3117 254 3170 8²
272 3135 371 3185 supra,
393 3117 574 3187 TFGac9s‚
596 3119 625 3169 et
644 3115 782 3184 aequitati
802 3115 843 3181 8¹,
864 3132 905 3168 ora
924 3115 954 3167 E
966 3116 975 3182 Η
990 3120 1023 3167 10
1042 3114 1093 3167 tri-

78 3189 143 3244 buti
163 3190 190 3243 G
209 3191 218 3256 Η
239 3194 269 3240 11
291 3192 334 3242 est
352 3188 504 3242 obstrictus
524 3189 551 3255 S,
572 3187 703 3241 astrictus
723 3189 817 3256 tracas
831 3189 839 3254 Η
860 3192 892 3239 13
912 3188 1010 3254 erogat
1030 3186 1065 3255 Q¹
1087 3187 1090 3259 Η

78 3262 149 3315 uber
174 3260 260 3313 Vra
287 3262 296 3328 Η
326 3266 358 3312 14
378 3260 418 3313 De
437 3259 603 3329 probatione
622 3258 721 3311 vitium
740 3259 819 3311 addit
840 3257 878 3310 G⁸
897 3257 928 3331 ia
947 3259 1069 3328 rrrarpiac
1084 3259 1093 3330 Η

80 3339 113 3386 15
134 3335 162 3386 et
182 3347 231 3384 oar.
247 3331 309 3398 SE,
328 3330 358 3383 in
376 3331 479 3399 quibus
497 3332 576 3384 babet
589 3348 608 3383 a
621 3333 629 3398 Η
646 3337 677 3383 16
699 3328 853 3382 acinatium
868 3328 919 3381 Vs*
925 3329 989 3396 ΤΕ,
1010 3328 1093 3382 acina

82 3405 156 3458 cium
176 3402 210 3470 (ti
229 3406 308 3471 eras.)
325 3403 349 3456 G
366 3405 370 3471 Η
387 3402 533 3456 consueuit
551 3400 611 3455 ficri
629 3402 653 3454 T
664 3404 673 3470 Η
689 3407 721 3454 18
740 3400 781 3453 De
799 3398 933 3453 incisione
947 3398 1091 3453 vinearum

81 3493 130 3530 seu
158 3472 306 3543 putatione
335 3477 384 3528 etc.
415 3475 494 3530 addit
524 3473 563 3530 G³
591 3475 624 3530 ia
651 3473 777 3547 margine
795 3475 815 3544 Η
834 3478 873 3526 ‘at
893 3469 1032 3537 mittigat
1049 3471 1125 3530 uu

76 3555 109 3598 24
130 3545 204 3596 olera
224 3545 277 3611 El
292 3548 394 3600 uentus
413 3548 569 3606 mediocris
590 3569 610 3607 a
