2370 3832
417 184 711 240 AGRmlerr-rr
1001 187 1068 253 223

58 330 144 394 uari:
174 330 265 396 cuius
293 331 394 397 talem
422 353 492 396 esse
515 336 681 415 naturam,
708 337 747 397 ut
774 337 808 396 et
831 332 990 397 salsedine
1013 331 1067 396 uel

58 418 273 484 amaritudine
292 442 350 505 per
367 420 430 485 hoc
448 423 577 504 tempus
596 426 706 485 careat
724 426 758 486 et
776 422 887 487 odore:
911 424 945 487 et
963 419 1066 486 dulcis

58 509 118 572 fiat
141 511 257 573 aetate.
295 530 373 594 ergo
397 508 465 574 eius
490 510 723 595 octogesimam
740 514 867 595 partem
886 513 994 575 musto
1014 509 1066 573 ad·
1089 511 1112 574 3

59 597 198 661 miscent
217 601 251 661 et
264 598 359 682 gypsi
375 598 686 681 quinquagesimam.
716 603 793 683 post
806 600 938 664 tertiam
953 598 1067 663 deinde

32 686 146 750 sdiem
173 685 305 751 fortiter
328 691 536 752 commouent
559 709 596 751 ao
617 688 814 772 pollicentur
836 711 901 754 non
926 691 1067 752 aetatem

59 775 167 840 solum
193 774 285 858 uino,
314 775 370 840 sed
398 775 603 859 splendorem
630 798 758 860 quoque
786 777 904 842 coloris
932 776 1066 842 adferre.

59 867 191 947 oportet
218 868 328 928 autem
350 885 437 928 nona
460 886 586 948 quaque
610 865 661 929 die
684 866 797 930 uinum
820 866 944 931 moueri
969 869 1065 948 atque

58 952 165 1017 curari
192 952 260 1034 uel,
289 953 318 1017 si
345 954 485 1035 tardius,
511 953 689 1019 undecima.
734 954 886 1038 frequens
910 954 996 1018 enirn
1019 975 1066 1018 re·

59 1045 189 1125 spectus
212 1040 311 1107 faciet
333 1040 485 1127 iudicare,
507 1046 617 1106 utrum
636 1043 802 1108 uendeuda
820 1041 864 1107 sit
882 1043 1005 1127 species
1025 1063 1067 1106 an

16 1156 43 1194 ro
58 1129 205 1194 tenenda.
236 1130 368 1213 quidam
387 1130 513 1196 resinae
531 1130 635 1196 siccae
654 1132 752 1196 tritae
770 1132 882 1196 uncias
897 1137 963 1195 tres
979 1130 1065 1195 dolio

57 1219 246 1304 inmergunt
277 1223 310 1283 et
340 1224 533 1304 permouent
565 1223 599 1284 et
629 1220 707 1284 uina
734 1219 893 1285 diuretica
920 1220 966 1284 sic
994 1220 1066 1283 fieri

56 1329 152 1392 posse
184 1308 388 1390 persuadent.
432 1312 577 1372 mustum
608 1330 701 1394 uero,
733 1309 819 1393 quod
850 1331 908 1394 per
934 1307 1112 1393 pluuias4

57 1396 243 1480 frequentes
265 1395 337 1461 leue
361 1401 420 1478 est,
444 1398 490 1463 sic
513 1398 619 1461 curari
642 1398 757 1462 debere
780 1397 954 1473 iusserunt,
978 1397 1064 1481 quod

57 1485 190 1569 probari
218 1489 317 1571 gustu
343 1485 446 1570 ipsius
472 1487 603 1571 poterit.
645 1508 738 1551 omne
762 1491 906 1551 mustum
929 1487 1065 1569 decoqui

18 1599 43 1637 15
57 1574 180 1655 iubent,
198 1574 299 1639 donec
317 1596 393 1660 pars
413 1574 482 1639 eius
499 1575 659 1660 nigesima
672 1575 778 1660 possit
791 1575 931 1640 absumi:
948 1574 1064 1639 melius

58 1685 185 1746 quoque
199 1663 279 1748 fieri,
298 1664 326 1728 si
343 1664 552 1728 centesimam
566 1668 693 1748 partem
707 1664 803 1750 gypsi
816 1665 950 1730 adicias:
968 1663 1065 1729 Lace·

58 1752 243 1816 daemonica
262 1774 340 1817 uero
359 1774 397 1816 eo
416 1774 519 1837 usque
538 1752 725 1839 decoquere,
745 1754 845 1820 donec
863 1753 933 1818 uini
952 1752 1066 1837 quinta

56 1862 132 1924 pars
155 1844 276 1925 pereat,
298 1845 332 1905 et
355 1846 473 1925 quarto
496 1863 580 1907 anno
603 1843 717 1907 usibus
736 1841 931 1908 ministrare.
965 1864 1064 1907 suaue
1087 1839 1111 1905 5

57 1930 169 1993 uinum
192 1928 231 1994 de
255 1930 335 1994 duro
357 1930 429 1995 fieri
452 1931 578 2014 docent,
601 1931 629 1996 si
651 1931 821 1997 hordeacei
839 1932 972 2016 pollinis
992 1953 1065 2015 cya-

19 2041 45 2080 20
59 2016 136 2082 thos
166 2019 246 2083 duos
276 2019 371 2083 simul
400 2041 475 2084 cum
501 2019 578 2085 uino
607 2021 760 2085 subactos
788 2020 902 2084 mittas
932 2020 966 2083 in
997 2017 1066 2082 uini

59 2107 191 2172 uasculo
222 2111 255 2171 et
283 2106 366 2172 hora
393 2129 459 2172 una
485 2107 532 2172 ibi
560 2129 630 2173 esse
657 2108 803 2192 patiaris.
853 2107 955 2191 aliqui
981 2107 1065 2171 feces

57 2195 129 2259 uini
148 2195 251 2260 dulcis
271 2196 458 2261 admiscent.
492 2195 594 2279 aliqui
608 2196 730 2260 addunt
745 2196 943 2281 glycyridiae
962 2195 1065 2259 siccae

59 2283 263 2367 aliquantum
286 2288 319 2349 et
342 2288 488 2368 utuntur,
512 2307 585 2349 cum
604 2285 660 2349 diu
677 2305 832 2348 uasorum
850 2284 1067 2348 commotione

58 2372 257 2437 miscuerint.
301 2371 415 2438 uinum
444 2394 573 2457 quoque
600 2373 688 2456 intra
714 2394 834 2457 paucos
858 2372 925 2437 dies
949 2372 1067 2456 optimi

15 2485 41 2526 25
56 2461 165 2526 odoris
188 2461 283 2547 effici,
306 2462 334 2525 si
357 2461 455 2527 bacas
478 2461 578 2546 myrti
591 2459 739 2546 'agrestis
758 2465 939 2547 montanas,
963 2461 1066 2527 siccas

55 2553 89 2615 et
111 2554 226 2615 tunsus
249 2549 363 2615 mittas
386 2551 422 2614 in
444 2550 523 2614 cado
547 2555 580 2614 et
602 2550 713 2615 decem
731 2550 844 2614 diebus
863 2551 1066 2634 requiescere

128 2766 144 2812 2
163 2776 214 2830 pro
232 2759 286 2813 hoc
304 2761 429 2830 tempore
447 2760 512 2829 issa
532 2761 640 2814 aestate
658 2759 686 2829 S,
706 2761 796 2814 estate
815 2760 852 2829 E,
871 2761 929 2814 fiat.
962 2759 1065 2812 Aetate

58 2831 151 2886 VGT
172 2833 177 2900 Ι
202 2847 268 2901 ergo
291 2830 346 2884 hac
369 2829 429 2884 eins
450 2831 476 2886 G
498 2833 507 2900 ΙΙ
530 2837 546 2884 6
569 2831 629 2885 solo
647 2831 675 2886 L
696 2833 706 2901 l
728 2836 744 2884 8
764 2833 793 2884 et
811 2830 835 2884 si
853 2831 890 2898 Ε,
910 2830 959 2884 sed
978 2829 1002 2882 si
1017 2847 1039 2898 p
1056 2829 1066 2901 ll

55 2907 72 2956 9
91 2902 185 2955 uenda
204 2903 231 2957 L
247 2902 251 2972 l
268 2900 324 2955 sint
341 2902 391 2971 ΕΙ
407 2900 514 2972 species
533 2919 583 2956 om.
598 2902 647 2972 ΕΙ
664 2905 715 2956 aut
729 2919 782 2971 pro
801 2919 837 2956 an
855 2902 886 2956 Ε
897 2904 907 2972 l
922 2907 955 2955 10
974 2900 1066 2954 siccae

54 2989 105 3028 om.
120 2973 152 3027 Ε
164 2975 173 3042 ΙΙ
188 2979 220 3027 11
239 2975 406 3042 promouent
419 2974 446 3028 L
462 2974 466 3043 Ι
482 2972 619 3027 dioretica
637 2973 683 3043 Vll
698 2979 731 3026 12
748 2989 799 3044 per
817 2990 867 3028 om.
884 2973 980 3042 Gl13
1000 2969 1066 3025 cici·

52 3043 110 3098 tari
129 3044 178 3114 El
202 3043 304 3098 debers
322 3045 385 3099 irael.
403 3061 418 3099 s
439 3046 449 3114 ΙΙ
472 3049 506 3097 14
524 3043 666 3113 deqnoqui
684 3045 711 3099 L
733 3047 743 3114 ΙΙ
766 3050 799 3097 16
817 3046 926 3114 partem
945 3059 994 3098 om.
1009 3042 1040 3095 Ε
1059 3042 1063 3115 l

52 3113 270 3169 Lacedaemonii
292 3116 367 3186 torp
391 3117 401 3185 ll
429 3120 462 3168 19
486 3113 575 3169 ciatos
594 3115 657 3184 Vs,
681 3113 793 3184 quiatos
816 3116 880 3183 ΡΤ,
904 3116 1005 3183 quates
1031 3112 1064 3182 G,

54 3187 139 3240 cados
157 3186 189 3240 Ε
210 3187 220 3255 ΙΙ
242 3191 275 3239 21
295 3186 442 3240 nasculum
463 3187 488 3241 G
504 3187 508 3257 1
524 3186 628 3240 ibidem
648 3187 680 3241 E
698 3187 702 3258 Ι
722 3185 780 3240 Alii
799 3186 847 3257 El
865 3182 1065 3254 aliqui-mis-

54 3256 164 3311 cuerint
181 3273 232 3312 orn.
247 3258 292 3326 pl
306 3263 339 3310 22
359 3256 525 3328 glyciridiae
543 3258 601 3312 PL
611 3258 726 3327 Vnda,
746 3255 904 3339 gliciridiae
923 3256 951 3324 S,
970 3253 1064 3326 gliciri

54 3328 100 3382 die
118 3329 155 3398 Ε,
174 3326 329 3396 liquiriscie
348 3329 383 3396 Ε,
403 3328 553 3410 glycirizae
572 3347 602 3398 a,
627 3329 806 3399 glycyrhrzae
825 3346 879 3399 eqo
897 3325 1071 3404 (liqunitiae

57 3400 121 3470 Vey.
136 3417 161 3454 u.
176 3415 201 3454 c.
216 3403 243 3466 4,
256 3401 285 3469 9)
310 3401 321 3469 ll
349 3405 382 3453 23
406 3399 619 3472 aliquantidum
640 3401 738 3474 iocqs
759 3402 840 3470 1121
857 3396 1018 3450 musonem
1028 3391 1056 3438 V
1070 3389 1106 3450 t

49 3476 84 3522 26
102 3469 202 3522 eoloris
220 3471 235 3522 a'
243 3470 253 3539 l
267 3473 395 3542 agrestes
419 3474 469 3548 Gll
484 3481 521 3532 26
539 3478 645 3533 tonsas
667 3475 695 3531 E
709 3471 843 3547 liliatas
861 3484 920 3522 ora.
931 3453 1125 3524 mamm

35 3537 175 3608 Εθασμ,
197 3540 301 3597 cabum
319 3561 335 3600 a
