2378 3832
447 209 565 265 AGRIO.
580 209 644 264 XIII
658 215 727 263 4-7
1024 209 1091 274 259

77 429 142 495 DII
161 426 344 495 EOHINIS
362 427 420 492 ΕΤ
437 425 599 494 PERNIS
618 426 676 491 ΕΤ
690 423 839 490 LARDO
855 423 1090 492 SALIIINDIS

199 534 257 600 ET
279 533 428 600 AVIVM
450 531 641 611 LAQVEIS
665 530 974 598 DISPONENDIS.

145 659 243 726 Nunc
260 658 370 742 etiam,
393 658 511 742 quibus
529 658 609 722 litus
628 657 789 724 infructu
807 661 866 742 est,
888 656 946 721 ubi
964 658 1059 722 lunae
1092 656 1143 724 VI

74 748 201 814 iuuarit
229 751 455 833 augmentum,
488 768 570 832 quae
604 748 748 813 omnium
776 747 961 811 clausorum
990 747 1089 812 maris

36 867 59 908 a·
77 836 272 904 animalium
309 839 408 922 atque
441 836 638 901 concharum
670 835 762 901 iubet
797 836 997 901 incremento
1031 858 1089 901 suc

74 928 228 994 membra
250 929 397 1012 turgere,
425 924 532 990 echini
561 947 673 990 carnes
702 924 824 988 salibus
848 923 978 989 condire
1002 947 1089 991 cura-

74 1018 170 1082 ·bunt.
208 1014 295 1099 quod
318 1014 416 1078 solito
441 1035 531 1079 more
555 1014 732 1079 conficitur.
769 1013 854 1078 hanc
873 1034 1002 1098 quoque
1020 1037 1090 1079 rem

76 1127 137 1190 per
168 1125 280 1170 omnes
311 1124 437 1168 menses
466 1102 549 1167 bene
578 1101 734 1167 faciemus
763 1101 925 1166 hibernos.
971 1125 1089 1186 pernas

77 1194 180 1258 etiam
210 1197 244 1258 et
273 1192 401 1257 lardum
432 1193 620 1257 conficImus
649 1213 715 1256 non
745 1190 851 1255 solum
881 1213 990 1255 mense
1017 1191 1090 1276 hoc,

40 1312 65 1352 ιο
81 1283 139 1348 sed
162 1281 323 1365 omnibus,
346 1302 429 1366 quos
452 1281 603 1346 hiemalis
627 1280 720 1366 algor
743 1278 907 1364 asmingia
944 1288 1090 1363 tempore

79 1372 144 1436 hoc
165 1393 225 1456 per
247 1370 388 1434 humiles
411 1369 511 1434 siluas
542 1373 576 1434 et
601 1369 691 1434 bacis
719 1368 856 1434 fecunda
882 1369 1026 1454 uirgulta
1049 1368 1089 1433 ad

74 1459 191 1526 turdos
226 1462 413 1544 ceterasque
446 1481 522 1523 aues
559 1458 732 1542 capiendas
767 1458 901 1541 laqueos
938 1457 1088 1541 expedire

74 1547 257 1615 conueniet.
302 1549 366 1613 hoc
392 1569 495 1631 usque
523 1547 558 1612 in
587 1547 741 1611 martium
769 1568 914 1612 mensem
938 1547 1089 1612 Iendetur

75 1637 262 1721 aucupium.

35 1878 62 1918 15
470 1848 531 1913 DII
554 1846 699 1915 HORIS.

146 1973 359 2040 Decembrem
388 1972 536 2037 ianuario
559 1973 594 2036 in
619 1972 710 2037 horis
733 1994 830 2038 causa
853 1973 963 2057 dispar
985 1975 1037 2037 ad·
1079 1972 1144 2038 VII

80 2063 203 2149 iunxit,
226 2085 300 2128 cum
322 2062 408 2126 linea
432 2060 532 2126 simili
555 2060 610 2125 ille
634 2067 805 2146 augeatur,
833 2062 896 2127 iste
919 2063 1089 2127 decrescat.

282 2221 373 2288 Hora
488 2219 505 2284 Ι
558 2221 654 2304 pedes
708 2219 886 2301 XXVIIII,

281 2312 364 2376 hora
472 2308 506 2373 Π
558 2309 655 2393 pedes

281 2400 363 2465 hora
454 2397 506 2463 III
559 2397 656 2482 pedes

281 2490 363 2554 hora
438 2486 506 2552 IIII
560 2486 657 2570 pedes

282 2579 364 2644 hora
474 2576 506 2641 V
559 2577 656 2659 pedes

282 2667 363 2732 hora
457 2665 506 2730 VI
559 2665 656 2748 pedes

282 2755 363 2821 hora
440 2754 506 2820 VII
557 2755 656 2838 pedes
842 2753 873 2817 X

36 2873 63 2913 2⁵
282 2845 364 2911 hoa
421 2843 506 2908 viu
558 2845 656 2927 peres
807 2806 887 2930 xri}

120 3124 129 3129 .
152 3078 165 3125 1
185 3070 351 3126 PERNICIS
369 3072 396 3126 L
418 3072 422 3143 Ι
447 3071 633 3125 SALIENTIS
654 3070 684 3140 Q,
702 3070 936 3124 PSALLIENDIS
954 3071 981 3124 L
1001 3072 1005 3142 Ι
1028 3070 1088 3124 LA·

79 3141 152 3207 QUE
170 3143 197 3196 L
217 3145 227 3212 11
250 3148 265 3197 3
284 3143 352 3196 luna
371 3143 397 3197 G
417 3145 427 3212 I
449 3149 466 3196 4
485 3141 597 3196 iuuabit
614 3143 716 3213 iccya,
735 3141 831 3196 inierit
849 3142 922 3224 SE]
939 3158 1087 3212 argumen-

76 3217 140 3269 tum
158 3214 214 3269 SE
239 3217 249 3284 ΙΙ
279 3219 364 3268 bsuo
382 3231 471 3283 ceap
493 3216 502 3283 ΙΙ
534 3214 765 3283 6turgescerep
794 3215 798 3282 Ι
828 3214 986 3267 curabimus
1005 3213 1061 3267 SE
1077 3213 1088 3285 Η

78 3287 186 3341 8bene
212 3284 346 3340 faciemus
368 3300 419 3356 per
444 3300 538 3338 omnes
561 3300 670 3338 menses
692 3285 813 3354 ybemos
832 3284 862 3337 E
887 3285 896 3353 ΙΙ
923 3290 939 3337 9
959 3283 1087 3338 conficie-

76 3375 139 3411 mus
162 3357 189 3412 V
217 3359 226 3427 ΙΙ
259 3363 291 3410 10
316 3357 366 3411 sed
385 3359 415 3411 et
432 3355 561 3411 omnibus
579 3356 610 3409 Ε
639 3358 649 3425 ΙΙ
681 3361 713 3408 12
740 3357 768 3409 et
787 3357 912 3409 caeteras
930 3355 1060 3427 Eiccqs
1078 3356 1088 3429 {I

79 3435 112 3483 16
130 3428 286 3483 December
301 3429 329 3484 L
342 3430 351 3498 ΙΙ
366 3433 398 3482 17
418 3430 539 3498 augetur
550 3427 581 3481 Ε
592 3429 602 3496 ΙΙ
617 3432 650 3480 18
668 3426 755 3480 habet
772 3427 869 3482 Inserit
882 3426 912 3479 Ε
924 3428 935 3496 ss
948 3428 1086 3547 Quum

69 3499 158 3623 21}OE
179 3501 259 3624 63))ξὲ
300 3500 365 3554 edes
384 3498 437 3554 XV
451 3517 474 3572 p
487 3501 496 3572 ss
511 3505 546 3556 22
563 3498 654 3573 peuce
667 3497 741 3554 XIII
756 3499 851 3570 uiui
863 3497 959 3566 usum
1058 3495 1121 3558 ux&

118 3588 141 3638 Ρ
292 3589 318 3642 10

926 3649 984 3706 m*
