2378 3832
115 136 158 200 14
533 137 702 190 PALLADII

116 281 159 346 sit
182 283 255 347 loeo
280 282 484 366 aliquatenus
508 283 663 347 erectiore
689 286 721 346 et
745 281 877 346 sicciore
897 303 994 366 quam
1014 285 1127 346 cetera

114 375 247 455 propter
275 371 427 435 iniuriam
454 371 739 437 fundamentorum
767 375 800 434 et
823 376 860 434 ut
883 370 971 435 laeto
994 369 1129 435 fruatur

114 463 257 544 aspectu.
298 459 507 525 fundamenta
530 465 638 524 autem
660 460 722 524 hoc
746 460 842 524 modo
865 459 1013 542 ponenda
1037 465 1127 544 sunt,

114 552 151 612 ut
182 549 302 614 latiora
335 550 400 613 sint
432 571 471 613 ex
503 553 639 633 utraque
672 552 764 632 parte
798 548 970 632 semipedis
1003 547 1126 632 spatio,

115 659 213 720 quam
236 636 370 721 parietis
395 660 510 722 corpus
534 639 700 703 inarescet.
738 637 766 701 si
784 636 867 721 lapis
887 636 939 701 uel
958 636 1049 701 tofus
1069 658 1126 703 oo·
1152 660 1164 702 a

114 730 233 810 currat,
255 725 361 791 facilis
386 748 482 792 causa
502 730 552 791 e'st
571 726 768 806 conlocandi,
792 725 909 809 inquo
929 726 1034 810 sculpi
1053 729 1126 790 tan-

113 818 184 879 tum
207 815 409 879 fundamenti
432 815 537 880 forma
555 815 695 899 debebit,
718 814 813 879 unius
838 815 929 898 pedis
949 814 1126 879 altitudine

114 903 166 968 uel
189 904 334 970 duorum.
373 905 400 969 si
422 905 526 969 solida
545 910 578 968 et
598 904 774 969 constricta
792 904 976 968 inuenietur
995 903 1126 988 argilla,

114 993 229 1075 quinta
252 993 304 1058 uel
328 997 419 1058 sexta
441 1016 517 1076 pars
537 993 719 1057 altitudinis
739 993 817 1077 eius,
841 1014 922 1076 quae
942 1014 1042 1076 supra
1060 997 1125 1056 ter-

114 1103 184 1145 ram
207 1081 318 1146 futura
341 1086 400 1168 est,
423 1081 641 1147 fundamentis
664 1083 844 1165 deputetur.
882 1081 967 1165 quod
986 1081 1015 1145 si
1033 1084 1125 1145 terra
1140 1106 1164 1144 ro

64 1237 66 1244 ,
114 1169 219 1235 laxior
232 1171 340 1257 fuerit,
360 1172 456 1236 modo
471 1172 604 1236 maioris
619 1170 801 1235 altitudinis
817 1171 1006 1255 obruantur,
1020 1170 1126 1235 donec

114 1260 234 1325 munda
254 1261 322 1325 sine
342 1261 493 1325 ruderum
513 1260 695 1344 suspicione
715 1262 863 1325 occurrat
884 1257 1014 1344 argilla:
1039 1281 1125 1342 quae

114 1349 143 1413 si
166 1349 298 1414 omnino
322 1350 419 1433 desit,
448 1353 598 1434 quartam
627 1349 777 1413 mersisse
801 1348 951 1413 sufficiet.
992 1349 1127 1413 studen-

114 1439 190 1503 dum
212 1443 389 1524 praeterea,
412 1442 448 1502 ut
471 1439 576 1503 hortis
600 1442 633 1502 et
655 1437 810 1521 pomariis
835 1436 922 1522 cingi
940 1436 1046 1520 possit
1066 1441 1125 1501 aut

69 1527 90 1591 3
113 1527 233 1610 pratis,
264 1528 320 1591 sed
343 1530 434 1592 totus
458 1527 599 1592 fabricae
623 1530 747 1590 tractus
768 1526 863 1590 unius
883 1525 996 1589 lateris
1015 1525 1165 1612 longi-15

113 1615 239 1699 tudine,
265 1615 301 1679 in
325 1638 387 1700 quo
411 1615 501 1680 frons
526 1616 600 1697 erit,
629 1615 840 1679 meridianam
868 1618 994 1699 partem
1020 1615 1124 1698 respi-

114 1703 179 1768 ciat
211 1705 246 1768 in
275 1703 381 1788 primo
410 1704 529 1789 angulo
559 1703 721 1787 excipiens
749 1708 858 1769 ortum
886 1704 964 1768 solis
992 1703 1124 1768 hiberni

114 1796 147 1857 et
169 1794 336 1876 paululum
360 1794 400 1857 ab
425 1793 589 1857 oeeidente
613 1796 782 1857 auertatur
804 1791 946 1857 hiemali.
983 1791 1030 1855 ita
1049 1814 1124 1877 pro-

113 1882 232 1963 ueniet,
255 1887 293 1947 ut
315 1905 373 1966 per
394 1881 534 1946 hiemem
557 1882 624 1946 sole
643 1881 837 1946 inlustretur
856 1886 888 1946 et
907 1880 1031 1945 calores
1052 1882 1123 1946 eius

115 1975 239 2036 aestate
261 1993 327 2036 non
351 1973 478 2036 sentiat
1139 1995 1164 2034 ro

148 2183 209 2249 DE
233 2182 446 2250 HIBERNIS
468 2183 525 2248 ET
550 2181 754 2249 AESTIVIS
778 2180 1084 2250 MANSIONIBVS

437 2290 495 2356 ΕΤ
518 2287 801 2357 PAVIMENTIS.

61 2411 163 2479 VIIII
230 2414 350 2479 Forma
372 2419 482 2479 tamen
505 2438 575 2481 esse
598 2416 694 2480 debet
717 2414 885 2500 eiusmodi,
906 2419 944 2480 ut
968 2415 1008 2480 ad
1030 2415 1122 2480 habi·

114 2504 273 2569 tationem
299 2504 443 2568 breuiter
471 2505 623 2569 collectas
652 2508 684 2568 et
708 2506 825 2568 aestati
849 2507 881 2568 et
903 2504 1004 2569 hiemi
1026 2526 1120 2587 prae-

87 2593 189 2676 beat
217 2592 410 2659 mansiones.
455 2614 536 2676 quae
567 2593 667 2658 hiemi
694 2597 851 2677 parantur
878 2593 925 2657 ita
953 2595 1019 2658 sint
1047 2616 1120 2659 oon·
1136 2616 1161 2657 rs

185 2773 199 2820 1
221 2766 402 2836 aliquantop
424 2770 433 2837 11
456 2773 471 2819 2
492 2769 520 2821 et
537 2769 651 2836 propter
669 2767 731 2836 SE,
750 2768 804 2848 [et]
822 2770 936 2837 propter
953 2785 989 2838 cp
1012 2770 1015 2837 1
1040 2771 1074 2822 ut
1093 2771 1122 2822 et

117 2839 173 2893 Va
186 2842 225 2907 115
244 2837 360 2919 parietis
379 2837 492 2908 insuper
511 2838 637 2892 struendi
656 2857 685 2908 a,
704 2842 820 2908 parretrs
841 2838 966 2910 [insuper
981 2839 1120 2910 struendi]

113 2928 177 2981 eps,
197 2912 318 2980 parretes
337 2909 459 2978 ponendi
478 2911 549 2963 sunt.
579 2909 645 2979 Sip
674 2913 677 2979 1
706 2910 845 2963 increscat
863 2911 893 2963 E
917 2912 920 2980 1
945 2910 1046 2979 thophi
1064 2911 1095 2963 E
1111 2911 1121 2982 11

115 2987 129 3034 7
149 2981 265 3036 debebis
286 2981 377 3049 QVF
387 2983 426 3050 118
445 2981 482 3035 Et
500 2980 524 3033 si
542 2982 584 3048 iu,
604 2981 663 3052 [Et]
683 2980 707 3034 si
725 2998 778 3050 ops
794 2982 797 3049 1
814 2980 860 3034 uel
879 2984 979 3036 constr.
999 2983 1094 3051 ineps
1114 2981 1118 3052 1

113 3053 274 3107 inueniatur
292 3052 347 3106 SE
368 3055 377 3122 11
404 3054 548 3122 9petram
565 3052 597 3104 E
617 3055 626 3122 11
654 3059 685 3105 12
705 3051 892 3120 suspicatione
911 3054 941 3105 E
962 3056 971 3122 11
1000 3059 1032 3106 17
1053 3051 1120 3106 solis

112 3125 223 3178 hortum
241 3122 296 3193 L*)
310 3125 319 3192 11
334 3129 367 3176 18
385 3122 529 3192 paululum
543 3123 583 3175 ΕΙ
599 3123 655 3246 &ab
675 3123 822 3177 occidunte
836 3125 867 3176 Ε
879 3127 888 3193 11
902 3130 936 3177 20
954 3125 1036 3177 nocte
1055 3127 1120 3192 (pro

113 3198 230 3266 aestate)
254 3213 276 3264 p
306 3196 315 3263 11
348 3200 380 3247 21
408 3193 570 3247 HIBERNO
623 3195 645 3246 T
674 3194 788 3247 STATE
817 3195 865 3263 ΕΙ,
893 3195 1045 3248 HIBERNI
1072 3194 1119 3247 ET

111 3266 240 3319 ESTATI
250 3265 290 3319 Ρ
303 3268 312 3335 11
327 3272 360 3318 22
369 3265 591 3318 PAUIMENTIS
601 3265 648 3317 ΕΤ
658 3264 905 3320 MANSIONIBUS
918 3266 944 3320 G
957 3269 966 3335 11
980 3272 1014 3319 23
1023 3265 1119 3319 huius-

111 3337 188 3390 modi
207 3338 304 3407 Ε1124
323 3336 391 3390 stati
409 3337 506 3405 Ε1125
525 3335 574 3404 qui
594 3338 672 3406 aeQ

183 3497 268 3564 we
284 3498 375 3551 codiee
390 3497 419 3550 L
437 3498 498 3552 aide
511 3498 725 3567 praefationem.
