2378 3832
95 142 138 206 60
187 189 188 192 r
514 141 684 196 prunnon

97 292 192 353 testo
233 288 386 352 candidae
409 287 480 352 fieri
502 290 667 372 putentur,
690 285 720 351 si
742 286 886 351 fluminis
909 287 1032 352 herena
1052 284 1129 352 uel

95 377 202 441 litoris
235 376 423 459 frequenter
453 380 629 461 sporgstur
659 376 694 439 in
727 375 864 460 medies,
896 380 931 440 et
961 376 1123 441 collectis

48 465 72 529 -3
95 466 187 549 ipsae
214 463 304 530 foliis
328 465 514 550 alligentur.
549 463 579 528 si
601 462 685 528 uitio
708 464 774 530 loci
796 464 849 528 uel
872 464 1031 549 temporis
1053 465 1121 530 uel

97 553 229 619 seminis
257 554 323 618 cito
351 554 480 619 -lsctucs
506 553 662 637 durescit,
693 555 807 638 planta
834 554 903 618 eius
931 553 1048 618 auulsa
1070 558 1119 618 eb

97 644 201 707 denuo
224 641 333 726 posits
355 642 607 708 teneritudinem
630 646 854 727 consequetur.
892 641 974 707 item
993 643 1112 708 multis

97 730 276 796 seminibus
296 732 426 796 condito
443 736 605 816 nascetur,
629 732 656 795 si
676 730 800 816 caprini
819 732 973 796 stercoris
991 731 1111 797 bacam

97 820 213 884 subula
241 820 407 885 subtil-iter
432 820 598 886 exosusris
626 824 660 885 et
682 821 716 885 in
745 842 783 884 ea
810 842 923 885 semen
950 820 1105 901 luctuoso,

95 910 261 994 nasturtii,
282 909 390 995 ocimi,
412 931 536 988 erucae,
554 908 671 974 radicis
690 907 863 992 inmiseris,
884 913 964 974 tuno
982 909 1108 975 inuolu-

96 1003 164 1062 tam
196 998 273 1063 fimo
312 999 427 1063 bacam
464 1003 553 1062 terra
586 999 707 1082 optime
741 998 829 1078 culto
865 997 959 1062 breui
992 1001 1104 1064 saone

96 1087 295 1153 demerseris.
331 1087 464 1151 rosanus
483 1087 602 1151 nititur
619 1088 654 1150 in
672 1087 822 1152 radicem.
855 1092 964 1152 oetcrs
982 1089 1139 1153 semina-s

95 1177 130 1240 in
158 1199 285 1241 summo
309 1177 438 1242 lactuca
458 1175 583 1259 pariter
606 1181 774 1261 mergente
795 1176 974 1261 prosiliunt
997 1176 1103 1262 singu·

50 1264 72 1327 4
94 1265 201 1330 lorum
221 1287 335 1349 sapore
355 1269 493 1329 seruato.
531 1264 587 1328 alii
605 1264 668 1328 hoc
687 1265 734 1328 its
753 1265 983 1349 adsequuntur.
1017 1266 1102 1330 auu]-

96 1376 151 1419 sae
170 1355 316 1419 lactucae
334 1353 415 1418 folia
434 1357 580 1438 carpunt,
604 1375 685 1438 quae
707 1352 870 1418 radicibus
888 1353 1001 1419 iuncta
1021 1359 1101 1437 sunt,

96 1447 129 1506 et
157 1442 192 1507 in
220 1443 341 1526 eisdem
369 1443 524 1528 gradibus
553 1442 681 1506 surculo
709 1442 840 1525 punctis
866 1447 999 1527 praeter
1023 1443 1100 1508 rofa·

95 1552 174 1595 num
205 1532 331 1595 semino
363 1531 551 1615 supradicta
583 1531 748 1615 deponunt
775 1553 814 1596 oc
840 1531 918 1596 fimo
947 1530 1127 1597 adimuntur

96 1619 143 1683 sic
167 1620 285 1684 obruta
308 1620 427 1684 iterum
450 1621 577 1684 lactuca
594 1618 835 1703 proedictorum
850 1620 1016 1685 seminum
1035 1643 1100 1687 cou-

95 1708 182 1772 libus
211 1709 382 1773 ambietur.
428 1709 556 1773 lactuca
583 1710 671 1774 dicta
699 1713 762 1792 est,
790 1709 877 1793 quod
906 1709 1101 1775 abundantio

52 1794 191 1861 bluctis
228 1797 389 1862 exuberet.
444 1797 506 1862 hoc
537 1819 647 1862 mense
679 1795 877 1862 nasturtium
906 1802 1042 1864 constat
1072 1804 1101 1864 et

96 1886 184 1949 omni
209 1889 355 1970 tempore
379 1908 449 1950 esse
467 1887 662 1970 ponendum,
684 1887 766 1969 locu,
789 1886 879 1970 quali
896 1886 1051 1970 placebit,
1071 1891 1101 1951 et

96 1973 199 2040 coelo:
221 1975 335 2040 fimum
357 1997 424 2039 non
447 1975 621 2040 desiderat:
643 1997 791 2040 umorem
807 1975 958 2059 quemuis
978 1975 1130 2062 diligete

95 2069 206 2128 tamen
224 2065 334 2129 deesse
352 2087 419 2129 non
438 2069 540 2129 curat.
577 2065 605 2128 si
624 2086 696 2129 cum
717 2064 845 2129 lactuca
859 2069 996 2144 seratur,
1015 2066 1101 2131 nssci

95 2153 199 2217 fertur
220 2153 362 2240 egregie.
402 2157 435 2218 et
457 2175 543 2217 nunc
562 2158 596 2217 et
615 2154 790 2237 mensibus,
811 2153 932 2238 quibus
951 2155 1101 2236 uolueris,

95 2245 129 2306 et
151 2243 232 2308 locis
256 2265 386 2308 erucam
410 2265 516 2309 serere
538 2242 586 2306 nil
609 2243 754 2306 moreris.
792 2242 854 2307 hoc
875 2241 976 2306 etism
996 2265 1101 2308 mense

95 2332 203 2397 caules
236 2336 269 2396 et
296 2336 369 2397 toto
397 2354 482 2396 anno
511 2331 575 2395 seri
601 2335 753 2415 possunt,
781 2332 842 2396 sed
874 2330 992 2417 melius
1025 2331 1103 2416 aliis,

167 2580 180 2625 1
201 2577 277 2628 resto
286 2577 316 2629 E
331 2579 334 2645 1
351 2579 494 2645 putantur.
515 2592 600 2630 arena
614 2575 637 2629 si
647 2575 738 2629 litoris
748 2577 779 2630 E
790 2578 800 2647 11
814 2583 829 2630 3
843 2576 904 2646 ipse
916 2577 950 2645 G,
964 2576 1029 2646 ipsu
1042 2578 1102 2645 VF,

94 2643 163 2713 ipsis
182 2646 213 2698 Ε
233 2648 243 2714 11
266 2652 281 2699 5
300 2647 480 2716 consequitur
497 2648 539 2716 E,
563 2650 753 2716 exequeturp
775 2649 784 2717 11
808 2655 821 2701 1
846 2647 975 2701 exauoris
999 2649 1036 2718 F,
1059 2665 1103 2703 ex-

95 2716 241 2770 couaueris
255 2719 286 2771 E
292 2717 430 2799 'Tiacyc
443 2720 482 2787 118
500 2718 626 2772 nasturci
640 2720 677 2787 E,
697 2718 770 2787 cymi
786 2719 857 2786 GE,
876 2719 1021 2774 nasturcio
1037 2719 1103 2774 cimi

95 2804 195 2841 enicae
213 2790 252 2856 L,
278 2788 577 2844 nosturmocimerucse
603 2791 637 2860 Q,
664 2788 808 2843 nasturcio
836 2788 925 2844 cimae
948 2807 1050 2846 emese
1072 2792 1103 2858 V,

93 2859 220 2913 nasturci
242 2858 326 2913 ocimi
351 2876 450 2914 erucae
469 2860 501 2929 S,
525 2861 668 2915 nasturcio
687 2859 758 2914 cimo
775 2877 876 2914 erucae
898 2862 929 2929 T,
952 2863 1102 2917 nasturcio.

95 2930 198 2985 cimini.
227 2946 327 2984 erucae
345 2932 381 3001 F,
404 2931 528 2985 nestatio
551 2941 652 2986 erucse
671 2950 693 3001 p
718 2934 722 3001 Ι
746 2930 855 2985 radices
874 2932 906 3001 V,
932 2932 1032 2988 rafano
1050 2934 1100 3006 Ε1

94 3004 123 3055 et
141 3005 208 3055 tunc
227 3020 304 3073 ocos
324 3007 333 3071 11
357 3009 371 3057 9
391 3005 483 3056 terrac
506 3003 622 3058 VSEG
646 3004 651 3072 1
676 3002 799 3072 optimae
819 3002 924 3056 cultam
943 3003 975 3072 V,
998 3005 1103 3074 optimc

95 3073 188 3127 cultue
208 3073 234 3128 G
250 3076 254 3145 1
271 3073 353 3128 scobe
372 3075 404 3127 Ε
414 3076 424 3143 11
439 3079 472 3126 10
490 3073 613 3127 mittitur
631 3076 684 3198 Ldi
695 3081 728 3127 12
745 3073 978 3128 alii-exuberet
993 3093 1078 3145 emp
1094 3076 1104 3148 11

96 3151 128 3197 14
148 3144 177 3197 in
200 3162 250 3199 cm.
270 3146 301 3199 Ε
329 3147 332 3214 1
362 3144 473 3215 punctis
497 3147 508 3197 r'
538 3147 547 3214 11
581 3151 612 3199 15
637 3162 654 3198 o
685 3145 780 3200 iniunt
801 3146 854 3200 Eo
885 3148 894 3216 11
927 3152 959 3199 17
980 3146 1103 3218 ambige-

94 3218 141 3268 tur
169 3217 196 3270 G
233 3217 238 3286 1
276 3216 388 3270 lactuca
403 3248 436 3255 -
451 3217 585 3270 exuberet
614 3218 678 3271 incl.
704 3235 722 3287 9
757 3218 766 3286 11
804 3223 836 3271 18
869 3216 917 3270 DE
945 3217 1103 3272 annvn

95 3285 151 3339 CIO
180 3289 232 3341 ins.
256 3288 287 3340 Ε
320 3291 323 3356 1
357 3289 519 3340 nasturcum
537 3288 564 3339 V
590 3291 593 3357 1
623 3290 653 3341 et
679 3304 729 3342 occ.
758 3288 785 3342 V
813 3290 822 3358 11
855 3294 887 3342 19
911 3303 944 3341 ex
969 3289 1046 3342 omni
1068 3289 1104 3362 111

96 3362 129 3408 ‘20
152 3357 260 3410 firmum
283 3359 341 3414 PL
363 3361 372 3428 11
396 3364 428 3410 23
453 3357 501 3410 DE
525 3357 647 3412 ERVCA
665 3375 719 3427 pro
746 3362 776 3412 et
797 3358 867 3413 locis
890 3359 921 3412 Ε
943 3360 947 3430 1
973 3359 1047 3414 nihil
1072 3362 1103 3428 G,

94 3426 192 3552 nichi}
201 3429 267 3496 SE,
285 3446 342 3483 non
356 3448 378 3498 p
395 3432 399 3498 1
415 3428 463 3481 DE
483 3428 659 3483 CAVLIBVS
678 3431 846 3500 1111Ε1114
865 3430 1104 3486 caules—mense

92 3515 140 3552 om.
