2378 3832
118 148 182 213 112
534 149 705 203 PALLADII

117 299 256 379 possunt
284 296 322 359 de
350 295 416 360 alto
446 296 576 360 sublata
602 295 744 360 medulla
770 300 930 361 excauant
956 317 1024 362 non
1048 296 1126 361 diui-

120 406 192 448 sum
211 389 245 449 et
263 383 388 448 calamo
409 385 514 449 adfixo
534 385 680 469 alligant,
702 407 743 450 ne
761 385 868 468 possit
886 386 1017 451 inuecti.
1049 389 1128 450 tunc

120 494 207 557 cpon
234 473 438 557 cyrenaicum
471 473 556 558 quod
586 473 701 539 Graeci
729 473 775 540 sic
803 475 985 559 appellant,
1014 475 1062 541 in.
1077 496 1129 539 ex·

121 565 237 626 cauata
259 566 351 644 parte
375 562 563 627 suffundunt
591 585 630 627 ex
654 585 738 646 aqna
760 562 850 646 prins
873 564 914 627 ad
938 585 1036 647 sapae
1059 562 1130 648 pin·

122 649 292 736 guedinem
322 651 501 715 resolutum
525 656 558 715 et
580 652 643 716 hoe
665 652 840 717 transactis
864 651 992 717 octonis
1017 652 1161 721 diebuss

122 761 249 822 semper
278 744 451 824 renouant,
482 739 583 805 denec
610 739 688 805 uitis
717 741 863 825 germina
894 742 1027 806 nouella
1058 764 1132 827 pro·

23 843 27 850 ’
123 829 245 893 cedant.
283 833 316 893 et
338 829 372 893 in
396 829 542 915 granatis
566 829 661 893 malis
684 828 755 893 fieri
777 829 840 895 hoe
862 852 959 913 posse
982 831 1134 897 firmatur

124 941 143 980 a
166 916 299 981 Graecis
324 918 414 982 etin
438 918 566 982 cerasis.
612 940 694 1002 opus
718 921 768 981 est
791 919 939 1002 experiri.

315 1148 374 1212 DE
399 1147 504 1213 VITE
529 1147 653 1213 NIMIS
678 1146 941 1215 LAORIMOSA.

72 1271 165 1339 XXX
232 1269 326 1337 Vites
358 1295 439 1357 quae
469 1272 676 1338 lacrimarum
703 1274 873 1338 nimietate
901 1275 1079 1341 tabescunt
1108 1279 1139 1340 et
1150 1302 1168 1342 u

126 1361 323 1445 deplorando
342 1363 410 1426 uim
429 1363 556 1427 roboris
576 1362 626 1426 sui
641 1365 835 1427 euertuntur
848 1385 868 1427 a
881 1361 1001 1446 fructu,
1019 1369 1138 1430 trunco

128 1472 239 1515 earum
258 1450 401 1517 lacerato
417 1449 533 1516 Graeci
552 1449 659 1515 sinum
676 1450 747 1514 fieri
765 1451 892 1516 iubent:
912 1452 940 1517 si
954 1453 1019 1518 hoc
1032 1454 1139 1518 minus

127 1539 285 1624 proderit,
318 1539 462 1605 radicum
491 1541 591 1605 robur
618 1540 738 1624 pingue
766 1539 919 1626 rescindi,
946 1546 986 1606 nt
1014 1541 1141 1608 adferat

129 1627 321 1692 medicinam
344 1630 463 1694 uulnus
482 1630 673 1714 inpressum.
708 1632 787 1695 tunc
804 1629 929 1695 insulsa
948 1653 1083 1697 amurca
1102 1632 1141 1697 ad

129 1716 338 1781 medietatem
363 1719 495 1784 decocta
518 1722 551 1783 et
574 1717 768 1803 refrigerata
789 1719 907 1805 plagae
926 1720 1049 1786 excisio
1067 1744 1140 1806 per·
1153 1746 1172 1787 u

128 1805 250 1871 linatur
274 1811 307 1870 et
330 1808 391 1872 sub
414 1808 476 1873 hae
500 1811 627 1873 acetum
651 1829 723 1871 acre
746 1806 909 1872 fundatur.

130 2035 341 2102 MYRTITIS
370 2037 478 2102 ALIA
506 2036 753 2105 OONFEOTIO
778 1983 900 2103 APVD
925 2037 1142 2106 GRAECOS.

81 2162 189 2229 XXXI
259 2161 375 2228 Graeci
402 2163 481 2228 item
503 2163 637 2248 myrtite
661 2163 708 2228 sie
730 2163 933 2248 praecipiunt
956 2167 1143 2250 temperari

133 2252 232 2335 myrti
249 2253 346 2317 bacas
366 2257 511 2317 maturas
529 2252 564 2316 in
580 2252 695 2317 umbra
709 2253 849 2318 siccatas
864 2254 896 2316 et
910 2257 1028 2336 postea
1043 2259 1144 2340 tusas,

132 2341 244 2405 uncias
273 2346 346 2406 octo
374 2342 485 2406 mittes
513 2339 547 2404 in
569 2339 670 2407 linteo
694 2345 727 2405 et
750 2341 925 2426 suspendes
948 2341 983 2406 in
1006 2344 1087 2409 uino
1113 2349 1177 2409 eta

133 2451 191 2492 uas
216 2430 380 2514 cooperies
405 2453 441 2495 ae
466 2428 604 2495 oblines:
629 2435 662 2495 et
688 2452 761 2495 cum
784 2430 933 2514 plurimis
955 2430 1073 2498 diebus
1098 2435 1144 2499 sie

134 2515 246 2601 fuerit,
278 2519 403 2584 auferes
436 2524 468 2583 et
499 2519 610 2584 uteris.
661 2519 762 2603 aliqui
790 2523 916 2603 myrtae
943 2519 1043 2586 bacas
1072 2522 1143 2588 sine

208 2662 222 2708 1
242 2659 350 2726 ponunt
369 2658 395 2711 V
416 2659 420 2727 1
446 2657 480 2711 de
500 2657 559 2711 alta
577 2658 608 2712 F
631 2660 634 2728 1
664 2657 793 2711 sublatae
811 2657 838 2710 L
860 2659 869 2726 11
892 2663 908 2710 3
928 2659 1146 2728 cponquirenai·

137 2744 186 2781 son
206 2728 238 2796 P,
263 2744 336 2797 open
359 2728 549 2796 quiremaiccn
568 2729 660 2797 LSF,
689 2746 778 2797 copon
803 2728 985 2797 quirenaicon
1007 2731 1043 2801 Q,
1073 2749 1148 2802 opon

136 2798 327 2868 quirenayeon
349 2801 388 2867 Ε,
413 2799 507 2868 opium
530 2800 723 2869 quirimaycon
749 2801 778 2868 Τ,
807 2816 881 2869 open
903 2799 1088 2869 quirsniacon
1114 2804 1148 2872 G,

137 2871 401 2940 open-appellant
419 2887 468 2926 om.
488 2873 565 2941 17114
583 2870 859 2941 prius—resolutum
876 2888 959 2940 emp
975 2876 979 2942 1
996 2889 1082 2943 saepe
1100 2875 1126 2928 G
1139 2875 1149 2946 11

137 2947 153 2995 ὅ
173 2944 236 2996 octo
250 2961 273 3011 p
286 2944 295 3012 11
310 2947 325 2994 6
343 2941 481 3023 producat
500 2943 555 3013 (uel
573 2943 728 3012 procedant
735 2945 841 3013 supra)
856 2943 887 2995 Ε
897 2944 907 3012 11
921 2947 937 2995 8
957 2944 1073 2998 cerasiis
1089 2946 1149 3000 PL

139 3014 237 3083 QGT,
262 3013 374 3067 cerariis
393 3013 424 3065 F
448 3016 457 3082 11
486 3019 519 3066 10
542 3015 591 3082 qui
610 3014 733 3084 LPQV
756 3017 765 3084 11
795 3020 826 3067 11
850 3012 880 3067 ui
898 3012 954 3067 SE
982 3016 989 3096 1
1017 3019 1149 3071 avertunt

138 3085 247 3155 Facps
261 3087 269 3155 11
285 3091 317 3137 12
336 3085 428 3138 facere
442 3086 473 3138 Ε
484 3088 493 3155 11
508 3091 540 3139 13
557 3085 640 3139 robor
654 3087 687 3152 Ρ,
707 3085 792 3139 rubor
805 3086 831 3138 L
845 3088 854 3155 11
869 3091 901 3138 15
916 3086 1035 3140 exscrsio
1051 3088 1141 3159 PLQ

140 3156 270 3210 exscissio
290 3157 316 3210 V
333 3157 337 3226 1
362 3155 510 3226 perlinitur
528 3159 565 3225 Ε,
583 3156 738 3226 perlinetur
756 3158 835 3211 ceteri
857 3158 866 3225 11
895 3161 930 3209 16
949 3157 1003 3211 hac
1022 3175 1073 3213 om.
1097 3131 1150 3284 61

140 3230 266 3280 ascetum
285 3228 313 3280 P
327 3231 330 3296 1
348 3244 411 3281 acre
430 3245 479 3282 cm.
495 3229 525 3281 F
536 3232 545 3299 11
560 3236 591 3282 17
612 3228 782 3281 MIRTETIS
801 3229 849 3297 ΕΙ
864 3226 963 3281 APVD
983 3227 1130 3284 GRAECO

139 3314 189 3351 cm.
205 3300 235 3350 Ε
247 3301 256 3367 11
271 3306 304 3352 18
323 3299 466 3352 mirtetum
485 3301 525 3368 Ε,
544 3299 688 3368 myrtitem
706 3316 732 3366 s,
753 3298 889 3368 myrticae
907 3298 934 3351 L
947 3301 957 3369 11
972 3306 1004 3353 19
1024 3302 1053 3354 et
1091 3301 1150 3354 rius

141 3384 188 3420 eas
207 3373 302 3448 tensas
313 3388 335 3439 p
352 3373 355 3438 1
371 3373 469 3424 tunsas
483 3372 513 3424 Ε
525 3373 534 3440 11
548 3377 582 3424 20
600 3369 882 3439 mittis—suspendis
898 3385 989 3425 omnes
1002 3374 1014 3496 1
1026 3378 1058 3425 ’11
1070 3320 1151 3427 lines

142 3439 203 3505 SE,
217 3439 321 3493 lmabis
331 3441 491 3511 PLQVF,
506 3441 646 3496 oblinabis
660 3443 689 3508 Τ,
709 3440 805 3494 linibis
820 3442 900 3496 ceteri
913 3444 922 3511 11
937 3447 969 3495 22
986 3441 1094 3512 siquid
1105 3444 1149 3515 Ll

132 3508 219 3562 mr'rte
236 3511 272 3580 F,
291 3511 372 3568 mirti
391 3514 485 3587 SET,
504 3513 593 3586 myrti
610 3515 705 3584 iucps
