2370 3832
95 169 161 234 218
516 168 685 223 PALLADII

94 338 162 381 non
180 313 287 380 minus
306 315 426 399 gaudet
445 335 568 379 umore
602 314 641 380 de
661 336 725 398 quo
744 336 860 380 semen
877 315 990 403 legere
1007 316 1108 400 dispo

94 427 166 489 nes,
195 425 253 468 suo
281 402 353 468 loco
382 424 451 468 esse
479 403 629 488 patieris:
657 403 743 505 quod
771 404 814 469 ad
837 427 952 471 escam
973 406 1107 490 parabis,

94 491 262 558 robustius
290 491 391 556 facies
414 492 645 557 t.ransferend0
690 492 724 556 in
748 491 858 578 sinapi
880 499 980 561 uetus
1004 517 1107 560 semen

95 582 168 646 inut
154 581 212 646 tile
231 585 282 645 est
268 581 423 645 ttuel
372 586 423 646 sat
424 581 492 645 iom
483 581 563 646 'uel
581 581 669 646 usui:
689 579 774 665 quod
795 582 954 648 dentibus
973 583 1107 648 fractum

96 671 125 734 si
147 671 236 734 intus
259 669 363 734 uiride
386 669 559 754 uidebitur,
580 691 703 736 nouum
726 673 790 734 est:
816 671 847 735 si
870 671 986 736 album
1003 672 1137 756 fueriti

50 760 295 825 3uetustatem
326 759 456 824 fatetur.
501 759 564 825 hoc
596 781 705 823 mense
737 757 850 823 malua
883 761 1023 827 serenda
1053 765 1107 844 est,

95 870 178 933 quae
211 869 346 913 occursu
377 847 495 912 hiemis
527 847 568 912 ab
601 847 794 912 incrementi
827 848 1038 935 longitudine
1064 872 1108 914 re

93 937 262 1021 primetur.
306 938 378 1002 loco
410 935 525 1022 pingui
557 937 737 1002 delectatur
764 940 798 1000 et
828 937 957 1021 umido,
990 938 1108 1024 gaudet

93 1026 278 1092 laetamine.
319 1025 562 1090 transferuntur
584 1026 715 1110 plantae
738 1025 818 1110 eius,
842 1049 917 1092 cum
942 1028 1107 1112 coeperint

93 1114 174 1180 folia
208 1119 362 1200 quattuor
392 1114 512 1179 habere
544 1115 597 1180 uel
626 1115 777 1198 quinque.
829 1115 949 1180 melius
978 1139 1107 1201 conpre
1119 1140 1138 1180 ιι

93 1203 207 1270 hendit
226 1205 295 1270 eius
313 1205 434 1290 planta,
454 1225 535 1287 quae
554 1207 668 1267 tenera
686 1207 749 1267 cst:
772 1204 880 1268 maior
898 1203 989 1269 enim
1006 1209 1108 1270 trans·

94 1293 163 1358 lata
189 1293 367 1379 languebit.
415 1315 512 1377 sapor
538 1291 605 1356 illis
632 1292 834 1374 meliorest,
863 1293 892 1357 si
913 1314 984 1358 non
1006 1298 1109 1360 trans·

93 1381 249 1448 ferantur.
294 1382 350 1447 sed
372 1403 412 1446 ne
436 1383 502 1446 cito
526 1382 694 1467 erigantur
716 1380 751 1444 in
775 1381 915 1465 caulem,
943 1383 979 1446 in
1001 1384 1108 1449 medio

94 1493 206 1536 earum
231 1471 378 1556 glebulas
403 1470 583 1535 constitues
607 1473 664 1535 aut
687 1468 827 1553 lapillos.
865 1492 941 1535 rara
959 1473 1107 1557 ponenda

95 1564 159 1643 est,
188 1560 315 1624 sarculo
343 1559 524 1624 delectatur
550 1558 694 1624 adsiduo
741 1558 788 1623 sic
815 1557 1005 1625 liberandae
1034 1565 1107 1626 sunt
1119 1584 1139 1626 11

93 1646 214 1730 herbis,
237 1669 277 1711 ne
301 1650 428 1711 motum
452 1648 595 1712 sentiant
618 1648 653 1712 in
671 1646 787 1712 radice.
824 1647 853 1711 si
872 1649 1107 1715 transferendis

48 1735 216 1818 4plantis
243 1735 363 1799 nodum
391 1735 491 1799 facias
519 1736 554 1801 in
578 1737 700 1816 radice,
731 1735 863 1801 sessiles
886 1737 977 1802 fient.
1024 1761 1107 1805 nunc

94 1823 194 1888 etiam
221 1821 301 1888 locis
329 1824 521 1908 temperatis
553 1829 585 1890 et
617 1824 730 1891 calidis
763 1824 920 1891 anethum
954 1849 1107 1894 seremus.

94 1911 239 1996 ecpullae
267 1916 419 1978 senmtur
444 1913 561 1979 et'hoc
584 1936 695 1979 mense
717 1913 770 1978 uel
798 1919 910 1979 menta
942 1920 978 1980 et
1004 1918 1108 2001 pasti-

92 2023 187 2087 naca,
214 2002 366 2087 thymum
392 2005 426 2067 et
454 2002 625 2088 origanum
653 2007 686 2068 et
713 2023 832 2086 cappar
856 2004 978 2070 mensis
1002 2005 1141 2072 initian

93 2091 173 2156 item
209 2092 320 2156 betam
356 2091 437 2158 locis
470 2091 660 2157 siccioribus
693 2112 753 2156 nec
783 2112 852 2155 non
885 2114 1109 2161 armoraceam

94 2202 237 2246 seremus
270 2182 322 2246 uel
354 2181 585 2246 transferemus
620 2181 659 2245 ad
687 2179 789 2262 culta,
820 2184 859 2244 ut
888 2181 1006 2248 melior
1036 2185 1109 2250 fiatr

47 2270 70 2335 5
92 2292 169 2334 nam
196 2271 276 2336 haec
305 2271 444 2355 agrestis
473 2275 524 2335 est
550 2269 691 2334 rafanus.
736 2291 822 2334 nunc
844 2291 982 2354 porrum
1005 2295 1107 2338 uerno

93 2362 201 2422 satum
224 2359 400 2424 transferre
424 2359 586 2443 debemus,
608 2362 646 2423 ut
669 2360 792 2422 crescat
815 2356 851 2421 in
874 2360 992 2443 capite.
1031 2383 1107 2427 sane

92 2446 228 2511 sarculis
257 2447 521 2513 circumfodiatur
549 2447 681 2512 adsidue
709 2449 742 2511 et
770 2448 995 2529 conprehensa
1017 2451 1108 2535 porri
1120 2473 1141 2514 a

51 2551 53 2555 ’
91 2533 204 2618 planta
231 2535 323 2600 uelut
350 2537 520 2602 tenacibus
548 2537 727 2618 adleuetm,
759 2538 797 2600 ut
826 2536 969 2602 inanitas
998 2541 1108 2623 spatii,

93 2644 174 2707 quae
197 2624 360 2689 radicibus
384 2624 519 2710 suberit
542 2625 742 2690 incremento
766 2624 885 2708 capitis
905 2625 1107 2710 subpleatur.

164 2814 282 2869 lnimis
306 2817 364 2870 PL
373 2815 465 2871 VEG
494 2817 497 2884 Ι
528 2815 653 2886 disponis
681 2833 771 2871 omnes
797 2818 807 2885 ΙΙ
834 2821 850 2869 2
880 2816 943 2871 loco
971 2836 1022 2874 suo
1047 2822 1079 2875 Ε

92 2885 158 2940 3in
175 2903 225 2940 om.
249 2887 281 2956 V,
301 2890 330 2941 et
348 2885 440 2955 sinapi
458 2888 519 2940 bob
539 2889 565 2941 L
583 2890 593 2957 ΙΙ
612 2892 627 2940 5
646 2887 735 2942 initiis
754 2888 785 2941 E
804 2889 808 2956 Ι
829 2889 873 2941 est
887 2905 942 2956 pro
960 2889 1082 2962 fueritp

92 2962 108 3011 6
127 2956 264 3011 fatebitur
281 2958 331 3038 ΕΙ
349 2959 456 3011 seretur
473 2958 504 3011 E
515 2960 554 3039 ΙΙ9
574 2957 697 3028 coeperit
715 2959 749 3027 1ΙΙ
765 2964 798 3012 10
817 2961 952 3042 quattuor
970 2961 1042 3016 foha
1059 2964 1085 3019 G

92 3034 124 3082 11
143 3028 244 3099 planta
262 3028 322 3082 eius
341 3028 372 3082 Ε
392 3030 401 3097 ΙΙ
430 3033 462 3081 12
482 3042 557 3082 emm
571 3046 625 3098 pro
643 3028 701 3083 illis
722 3030 783 3098 Gp
802 3028 890 3082 illis
878 3048 911 3084 111
928 3048 1032 3088 rasura
1056 3035 1084 3089 V

90 3102 134 3153 est
152 3098 280 3154 meliori
304 3102 321 3181 Ι
333 3097 485 3153 transferat
473 3101 519 3153 tur
537 3101 568 3154 Ε
589 3102 598 3170 ΙΙ
622 3105 655 3153 13
679 3100 769 3154 calem
787 3101 842 3170 ΕΙ
838 3103 847 3170 ΙΙ
872 3105 905 3155 14
929 3102 1030 3171 glebas
1050 3106 1082 3159 Ε

92 3175 125 3223 15
150 3170 204 3224 Sed
222 3187 276 3240 pro
300 3170 339 3224 sic
357 3170 388 3223 Ε
413 3171 422 3237 ΙΙ
451 3174 483 3223 16
508 3187 600 3226 s1om
621 3171 683 3240 ΕΙ
711 3176 743 3224 17
763 3169 930 3242 faciesGl
961 3173 1033 3228 fiant
1052 3106 1108 3248 Pil

93 3245 126 3294 18
154 3244 268 3296 anetum
295 3239 429 3296 PVSEt
460 3242 470 3309 ΙΙ
502 3247 534 3295 19
562 3243 633 3296 Item
662 3241 789 3311 cepullae
817 3242 861 3296 Fi
894 3244 898 3312 Ι
926 3176 1025 3298 ¹etiarn
1052 3247 1106 3301 hoc

90 3327 186 3390 mense
219 3330 295 3383 acqs
334 3314 337 3383 Ι
375 3309 421 3363 uel
452 3312 600 3379 pastinaca
635 3313 666 3366 Ε
699 3316 708 3382 ΙΙ
745 3318 779 3366 20
813 3330 898 3383 capar
925 3314 967 3382 Ε
1002 3333 1106 3388 cappa-

90 3380 128 3434 ris
151 3400 165 3437 s
196 3383 206 3455 ΙΙ
237 3389 271 3438 22
302 3380 414 3438 mollior
438 3398 460 3450 11
496 3385 505 3452 ΙΙ
542 3390 575 3437 23
607 3383 721 3437 rafanus
753 3385 879 3439 similiter
911 3402 944 3438 ac
975 3402 1010 3439 sa
1008 3405 1065 3456 pra
1096 3390 1106 3460 ΙΙ

91 3457 125 3504 24
153 3456 239 3521 caput
258 3471 312 3524 cqc
333 3456 344 3523 ΙΙ
366 3457 399 3506 26
418 3452 464 3504 uel
483 3470 536 3522 pro
554 3454 634 3509 uelut
652 3455 683 3508 Ε
710 3459 714 3525 Ι
749 3455 945 3509 adleuetur—
958 3457 1106 3513 radicibus

89 3537 138 3578 0771
154 3540 181 3593 P
