<?xml version="1.0" encoding="UTF-8"?>
<!DOCTYPE html PUBLIC "-//W3C//DTD XHTML 1.0 Transitional//EN"
    "http://www.w3.org/TR/xhtml1/DTD/xhtml1-transitional.dtd">
<html xmlns="http://www.w3.org/1999/xhtml" xml:lang="en" lang="en">
 <head>
  <title>
</title>
<meta http-equiv="Content-Type" content="text/html;charset=utf-8" />
  <meta name='ocr-system' content='tesseract 3.04.00' />
  <meta name='ocr-capabilities' content='ocr_page ocr_carea ocr_par ocr_line ocrx_word'/>
</head>
<body>
  <div class='ocr_page' id='page_1' title='image "./palladiirutilii00pallgoog_0095.png"; bbox 0 0 2378 3832; ppageno 0'>
   <div class='ocr_carea' id='block_1_1' title="bbox 95 141 683 213">
    <p class='ocr_par' dir='ltr' id='par_1_1' title="bbox 95 141 683 213">
     <span class='ocr_line' id='line_1_1' title="bbox 95 141 683 213; baseline -0.002 -17"><span class='ocrx_word' id='word_1_1' title='bbox 95 143 136 207; x_wconf 79' lang='lat'><strong>76</strong></span> <span class='ocrx_word' id='word_1_2' title='bbox 181 190 184 213; x_wconf 81' lang='grc'>,</span> <span class='ocrx_word' id='word_1_3' title='bbox 414 148 416 155; x_wconf 60' lang='grc'>’</span> <span class='ocrx_word' id='word_1_4' title='bbox 513 141 683 195; x_wconf 72' lang='lat' dir='ltr'><strong>amaron</strong></span> 
     </span>
    </p>
   </div>
   <div class='ocr_carea' id='block_1_2' title="bbox 51 278 1141 905">
    <p class='ocr_par' dir='ltr' id='par_1_2' title="bbox 51 278 1141 817">
     <span class='ocr_line' id='line_1_2' title="bbox 51 278 1141 368; baseline -0.01 -13"><span class='ocrx_word' id='word_1_5' title='bbox 51 291 71 355; x_wconf 91' lang='grc'><strong>6</strong></span> <span class='ocrx_word' id='word_1_6' title='bbox 95 288 217 353; x_wconf 91' lang='lat' dir='ltr'><strong>talibus</strong></span> <span class='ocrx_word' id='word_1_7' title='bbox 232 288 480 353; x_wconf 86' lang='lat' dir='ltr'><strong>transferuntur.</strong></span> <span class='ocrx_word' id='word_1_8' title='bbox 514 291 684 352; x_wconf 82' lang='lat' dir='ltr'><strong>sumantur</strong></span> <span class='ocrx_word' id='word_1_9' title='bbox 697 289 807 352; x_wconf 86' lang='lat' dir='ltr'><strong>autem</strong></span> <span class='ocrx_word' id='word_1_10' title='bbox 822 287 861 351; x_wconf 91' lang='lat' dir='ltr'><strong>de</strong></span> <span class='ocrx_word' id='word_1_11' title='bbox 875 286 945 350; x_wconf 90' lang='lat' dir='ltr'><strong>uite</strong></span> <span class='ocrx_word' id='word_1_12' title='bbox 958 278 1079 368; x_wconf 73' lang='lat' dir='ltr'><strong>fecunda</strong></span> <span class='ocrx_word' id='word_1_13' title='bbox 1139 322 1141 330; x_wconf 90' lang='lat'>·</span> 
     </span>
     <span class='ocr_line' id='line_1_3' title="bbox 94 371 1080 461; baseline -0.007 -21"><span class='ocrx_word' id='word_1_14' title='bbox 94 399 199 461; x_wconf 89' lang='lat' dir='ltr'><strong>neque</strong></span> <span class='ocrx_word' id='word_1_15' title='bbox 222 381 373 459; x_wconf 89' lang='lat' dir='ltr'><strong>putemus</strong></span> <span class='ocrx_word' id='word_1_16' title='bbox 397 377 532 440; x_wconf 87' lang='lat' dir='ltr'><strong>brachia</strong></span> <span class='ocrx_word' id='word_1_17' title='bbox 552 398 622 441; x_wconf 86' lang='lat' dir='ltr'><strong>esse</strong></span> <span class='ocrx_word' id='word_1_18' title='bbox 640 375 771 460; x_wconf 75' lang='lat' dir='ltr'><strong>fertilia,</strong></span> <span class='ocrx_word' id='word_1_19' title='bbox 794 397 877 460; x_wconf 89' lang='lat' dir='ltr'><strong>quae</strong></span> <span class='ocrx_word' id='word_1_20' title='bbox 894 395 977 439; x_wconf 89' lang='lat' dir='ltr'><strong>uuas</strong></span> <span class='ocrx_word' id='word_1_21' title='bbox 994 371 1080 456; x_wconf 83' lang='lat' dir='ltr'><strong>singu·</strong></span> 
     </span>
     <span class='ocr_line' id='line_1_4' title="bbox 95 461 1081 550; baseline -0.007 -21"><span class='ocrx_word' id='word_1_22' title='bbox 95 465 144 530; x_wconf 87' lang='lat' dir='ltr'><strong>las</strong></span> <span class='ocrx_word' id='word_1_23' title='bbox 173 469 229 530; x_wconf 93' lang='lat' dir='ltr'><strong>aut</strong></span> <span class='ocrx_word' id='word_1_24' title='bbox 261 466 356 530; x_wconf 86' lang='lat' dir='ltr'><strong>binas</strong></span> <span class='ocrx_word' id='word_1_25' title='bbox 389 465 584 550; x_wconf 87' lang='lat' dir='ltr'><strong>producunt,</strong></span> <span class='ocrx_word' id='word_1_26' title='bbox 617 465 672 530; x_wconf 88' lang='lat' dir='ltr'><strong>sed</strong></span> <span class='ocrx_word' id='word_1_27' title='bbox 706 485 787 548; x_wconf 90' lang='lat' dir='ltr'><strong>quae</strong></span> <span class='ocrx_word' id='word_1_28' title='bbox 820 465 926 528; x_wconf 87' lang='lat' dir='ltr'><strong>multa</strong></span> <span class='ocrx_word' id='word_1_29' title='bbox 955 461 1081 526; x_wconf 83' lang='lat' dir='ltr'><strong>ubertate</strong></span> 
     </span>
     <span class='ocr_line' id='line_1_5' title="bbox 97 550 1081 638; baseline -0.008 -19"><span class='ocrx_word' id='word_1_30' title='bbox 97 558 282 619; x_wconf 87' lang='lat' dir='ltr'><strong>curuantur.</strong></span> <span class='ocrx_word' id='word_1_31' title='bbox 326 577 403 619; x_wconf 89' lang='lat' dir='ltr'><strong>nam</strong></span> <span class='ocrx_word' id='word_1_32' title='bbox 434 558 546 638; x_wconf 86' lang='lat' dir='ltr'><strong>potest</strong></span> <span class='ocrx_word' id='word_1_33' title='bbox 577 553 667 618; x_wconf 85' lang='lat' dir='ltr'><strong>ferax</strong></span> <span class='ocrx_word' id='word_1_34' title='bbox 698 554 777 618; x_wconf 90' lang='lat' dir='ltr'><strong>uitis</strong></span> <span class='ocrx_word' id='word_1_35' title='bbox 805 552 981 618; x_wconf 84' lang='lat' dir='ltr'><strong>feraciores</strong></span> <span class='ocrx_word' id='word_1_36' title='bbox 1006 550 1039 614; x_wconf 92' lang='lat' dir='ltr'><strong>in</strong></span> <span class='ocrx_word' id='word_1_37' title='bbox 1057 566 1081 611; x_wconf 79' lang='lat' dir='ltr'><strong>aa</strong></span> 
     </span>
     <span class='ocr_line' id='line_1_6' title="bbox 96 632 1109 726; baseline -0.008 -19"><span class='ocrx_word' id='word_1_38' title='bbox 96 642 216 707; x_wconf 90' lang='lat' dir='ltr'><strong>habere</strong></span> <span class='ocrx_word' id='word_1_39' title='bbox 245 644 409 708; x_wconf 87' lang='lat' dir='ltr'><strong>materias.</strong></span> <span class='ocrx_word' id='word_1_40' title='bbox 455 643 516 706; x_wconf 90' lang='lat' dir='ltr'><strong>erit</strong></span> <span class='ocrx_word' id='word_1_41' title='bbox 544 644 577 706; x_wconf 90' lang='lat' dir='ltr'><strong>et</strong></span> <span class='ocrx_word' id='word_1_42' title='bbox 603 643 666 707; x_wconf 92' lang='lat' dir='ltr'><strong>hoc</strong></span> <span class='ocrx_word' id='word_1_43' title='bbox 695 643 825 726; x_wconf 86' lang='lat' dir='ltr'><strong>siguum</strong></span> <span class='ocrx_word' id='word_1_44' title='bbox 853 638 1045 722; x_wconf 64' lang='lat' dir='ltr'><strong>fertilitatis,</strong></span> <span class='ocrx_word' id='word_1_45' title='bbox 1062 632 1109 699; x_wconf 70' lang='lat' dir='ltr'><strong>air</strong></span> 
     </span>
     <span class='ocr_line' id='line_1_7' title="bbox 97 723 1085 817; baseline -0.005 -23"><span class='ocrx_word' id='word_1_46' title='bbox 97 731 136 795; x_wconf 92' lang='lat' dir='ltr'><strong>de</strong></span> <span class='ocrx_word' id='word_1_47' title='bbox 160 732 240 795; x_wconf 90' lang='lat' dir='ltr'><strong>duro</strong></span> <span class='ocrx_word' id='word_1_48' title='bbox 265 733 374 817; x_wconf 90' lang='lat' dir='ltr'><strong>aliquo</strong></span> <span class='ocrx_word' id='word_1_49' title='bbox 395 731 468 796; x_wconf 91' lang='lat' dir='ltr'><strong>loco</strong></span> <span class='ocrx_word' id='word_1_50' title='bbox 487 731 631 796; x_wconf 87' lang='lat' dir='ltr'><strong>fructum</strong></span> <span class='ocrx_word' id='word_1_51' title='bbox 650 731 774 815; x_wconf 84' lang='lat' dir='ltr'><strong>citabit,</strong></span> <span class='ocrx_word' id='word_1_52' title='bbox 797 731 826 795; x_wconf 87' lang='lat' dir='ltr'><strong>si</strong></span> <span class='ocrx_word' id='word_1_53' title='bbox 844 729 915 794; x_wconf 89' lang='lat' dir='ltr'><strong>fetu</strong></span> <span class='ocrx_word' id='word_1_54' title='bbox 933 723 1085 813; x_wconf 80' lang='lat' dir='ltr'><strong>inpleuaril</strong></span> 
     </span>
    </p>

    <p class='ocr_par' dir='ltr' id='par_1_3' title="bbox 54 809 1086 905">
     <span class='ocr_line' id='line_1_8' title="bbox 54 809 1086 905; baseline -0.01 -18"><span class='ocrx_word' id='word_1_55' title='bbox 54 824 73 887; x_wconf 83' lang='lat'><strong>7</strong></span> <span class='ocrx_word' id='word_1_56' title='bbox 97 821 240 885; x_wconf 87' lang='lat' dir='ltr'><strong>ramulos</strong></span> <span class='ocrx_word' id='word_1_57' title='bbox 265 843 304 884; x_wconf 89' lang='lat' dir='ltr'><strong>ex</strong></span> <span class='ocrx_word' id='word_1_58' title='bbox 326 821 393 884; x_wconf 90' lang='lat' dir='ltr'><strong>ima</strong></span> <span class='ocrx_word' id='word_1_59' title='bbox 411 824 504 904; x_wconf 89' lang='lat' dir='ltr'><strong>parte</strong></span> <span class='ocrx_word' id='word_1_60' title='bbox 524 821 704 905; x_wconf 83' lang='lat' dir='ltr'><strong>surgentes.</strong></span> <span class='ocrx_word' id='word_1_61' title='bbox 743 820 799 884; x_wconf 86' lang='lat' dir='ltr'><strong>sed</strong></span> <span class='ocrx_word' id='word_1_62' title='bbox 817 818 880 884; x_wconf 90' lang='lat' dir='ltr'><strong>hoc</strong></span> <span class='ocrx_word' id='word_1_63' title='bbox 899 817 1004 903; x_wconf 83' lang='lat' dir='ltr'><strong>signis</strong></span> <span class='ocrx_word' id='word_1_64' title='bbox 1021 809 1086 900; x_wconf 90' lang='lat' dir='ltr'><strong>posi·</strong></span> 
     </span>
    </p>
   </div>
   <div class='ocr_carea' id='block_1_3' title="bbox 55 901 1135 2590">
    <p class='ocr_par' dir='ltr' id='par_1_4' title="bbox 55 901 1135 2590">
     <span class='ocr_line' id='line_1_9' title="bbox 97 901 1087 992; baseline -0.005 -20"><span class='ocrx_word' id='word_1_65' title='bbox 97 909 141 972; x_wconf 87' lang='lat' dir='ltr'><strong>tis</strong></span> <span class='ocrx_word' id='word_1_66' title='bbox 159 930 217 992; x_wconf 89' lang='lat' dir='ltr'><strong>per</strong></span> <span class='ocrx_word' id='word_1_67' title='bbox 235 907 415 974; x_wconf 89' lang='lat' dir='ltr'><strong>uindemias</strong></span> <span class='ocrx_word' id='word_1_68' title='bbox 436 913 486 972; x_wconf 87' lang='lat' dir='ltr'><strong>est</strong></span> <span class='ocrx_word' id='word_1_69' title='bbox 499 909 688 972; x_wconf 88' lang='lat' dir='ltr'><strong>notandum.</strong></span> <span class='ocrx_word' id='word_1_70' title='bbox 720 908 761 972; x_wconf 89' lang='lat' dir='ltr'><strong>ad</strong></span> <span class='ocrx_word' id='word_1_71' title='bbox 773 907 984 992; x_wconf 84' lang='lat' dir='ltr'><strong>pangendum</strong></span> <span class='ocrx_word' id='word_1_72' title='bbox 997 901 1087 970; x_wconf 88' lang='lat' dir='ltr'><strong>nouel-</strong></span> 
     </span>
     <span class='ocr_line' id='line_1_10' title="bbox 96 991 1088 1081; baseline -0.005 -21"><span class='ocrx_word' id='word_1_73' title='bbox 96 996 148 1060; x_wconf 90' lang='lat' dir='ltr'><strong>lus</strong></span> <span class='ocrx_word' id='word_1_74' title='bbox 181 999 305 1081; x_wconf 90' lang='lat' dir='ltr'><strong>palmes</strong></span> <span class='ocrx_word' id='word_1_75' title='bbox 338 999 434 1062; x_wconf 91' lang='lat' dir='ltr'><strong>debet</strong></span> <span class='ocrx_word' id='word_1_76' title='bbox 467 997 544 1081; x_wconf 84' lang='lat' dir='ltr'><strong>eligi</strong></span> <span class='ocrx_word' id='word_1_77' title='bbox 576 997 649 1061; x_wconf 91' lang='lat' dir='ltr'><strong>duri</strong></span> <span class='ocrx_word' id='word_1_78' title='bbox 681 997 714 1061; x_wconf 90' lang='lat' dir='ltr'><strong>in</strong></span> <span class='ocrx_word' id='word_1_79' title='bbox 747 1017 782 1060; x_wconf 87' lang='lat' dir='ltr'><strong>se</strong></span> <span class='ocrx_word' id='word_1_80' title='bbox 811 995 894 1061; x_wconf 91' lang='lat' dir='ltr'><strong>nihil</strong></span> <span class='ocrx_word' id='word_1_81' title='bbox 922 994 1044 1058; x_wconf 84' lang='lat' dir='ltr'><strong>habens</strong></span> <span class='ocrx_word' id='word_1_82' title='bbox 1065 991 1088 1055; x_wconf 84' lang='lat' dir='ltr'><strong>et</strong></span> 
     </span>
     <span class='ocr_line' id='line_1_11' title="bbox 96 1085 1114 1170; baseline -0.009 -19"><span class='ocrx_word' id='word_1_83' title='bbox 96 1086 217 1151; x_wconf 89' lang='lat' dir='ltr'><strong>ueteris</strong></span> <span class='ocrx_word' id='word_1_84' title='bbox 255 1087 424 1170; x_wconf 87' lang='lat' dir='ltr'><strong>sarmenti,</strong></span> <span class='ocrx_word' id='word_1_85' title='bbox 461 1085 537 1170; x_wconf 91' lang='lat' dir='ltr'><strong>quia</strong></span> <span class='ocrx_word' id='word_1_86' title='bbox 573 1085 635 1152; x_wconf 90' lang='lat' dir='ltr'><strong>hoc</strong></span> <span class='ocrx_word' id='word_1_87' title='bbox 667 1087 874 1168; x_wconf 82' lang='lat' dir='ltr'><strong>putrescente</strong></span> <span class='ocrx_word' id='word_1_88' title='bbox 907 1104 1005 1167; x_wconf 86' lang='lat' dir='ltr'><strong>saepe</strong></span> <span class='ocrx_word' id='word_1_89' title='bbox 1036 1098 1114 1146; x_wconf 83' lang='lat' dir='ltr'><strong>cor-u</strong></span> 
     </span>
     <span class='ocr_line' id='line_1_12' title="bbox 96 1170 1090 1259; baseline -0.006 -20"><span class='ocrx_word' id='word_1_90' title='bbox 96 1175 269 1258; x_wconf 86' lang='lat' dir='ltr'><strong>rumpitur.</strong></span> <span class='ocrx_word' id='word_1_91' title='bbox 315 1197 442 1240; x_wconf 85' lang='lat' dir='ltr'><strong>summa</strong></span> <span class='ocrx_word' id='word_1_92' title='bbox 473 1175 603 1259; x_wconf 91' lang='lat' dir='ltr'><strong>flagella</strong></span> <span class='ocrx_word' id='word_1_93' title='bbox 635 1174 840 1259; x_wconf 89' lang='lat' dir='ltr'><strong>repudiemus</strong></span> <span class='ocrx_word' id='word_1_94' title='bbox 873 1195 910 1238; x_wconf 87' lang='lat' dir='ltr'><strong>ac</strong></span> <span class='ocrx_word' id='word_1_95' title='bbox 944 1170 1090 1236; x_wconf 86' lang='lat' dir='ltr'><strong>surculos:</strong></span> 
     </span>
     <span class='ocr_line' id='line_1_13' title="bbox 99 1262 1093 1348; baseline -0.005 -20"><span class='ocrx_word' id='word_1_96' title='bbox 99 1263 154 1348; x_wconf 91' lang='lat' dir='ltr'><strong>qui</strong></span> <span class='ocrx_word' id='word_1_97' title='bbox 178 1264 255 1330; x_wconf 90' lang='lat' dir='ltr'><strong>licet</strong></span> <span class='ocrx_word' id='word_1_98' title='bbox 278 1265 363 1329; x_wconf 91' lang='lat' dir='ltr'><strong>bono</strong></span> <span class='ocrx_word' id='word_1_99' title='bbox 387 1263 459 1328; x_wconf 92' lang='lat' dir='ltr'><strong>loco</strong></span> <span class='ocrx_word' id='word_1_100' title='bbox 482 1263 553 1328; x_wconf 89' lang='lat' dir='ltr'><strong>nati</strong></span> <span class='ocrx_word' id='word_1_101' title='bbox 573 1267 657 1346; x_wconf 92' lang='lat' dir='ltr'><strong>sunt,</strong></span> <span class='ocrx_word' id='word_1_102' title='bbox 680 1266 791 1328; x_wconf 88' lang='lat' dir='ltr'><strong>tamen</strong></span> <span class='ocrx_word' id='word_1_103' title='bbox 809 1262 980 1328; x_wconf 87' lang='lat' dir='ltr'><strong>feracitate</strong></span> <span class='ocrx_word' id='word_1_104' title='bbox 1000 1279 1093 1325; x_wconf 82' lang='lat' dir='ltr'><strong>carue</strong></span> 
     </span>
     <span class='ocr_line' id='line_1_14' title="bbox 55 1345 1095 1437; baseline -0.005 -19"><span class='ocrx_word' id='word_1_105' title='bbox 55 1356 74 1419; x_wconf 88' lang='lat'><em>8</em></span> <span class='ocrx_word' id='word_1_106' title='bbox 99 1357 183 1418; x_wconf 90' lang='lat' dir='ltr'><strong>runt.</strong></span> <span class='ocrx_word' id='word_1_107' title='bbox 224 1353 456 1437; x_wconf 87' lang='lat' dir='ltr'><strong>pampinarius,</strong></span> <span class='ocrx_word' id='word_1_108' title='bbox 481 1352 536 1436; x_wconf 92' lang='lat' dir='ltr'><strong>qui</strong></span> <span class='ocrx_word' id='word_1_109' title='bbox 560 1352 598 1416; x_wconf 90' lang='lat' dir='ltr'><strong>de</strong></span> <span class='ocrx_word' id='word_1_110' title='bbox 622 1353 702 1416; x_wconf 92' lang='lat' dir='ltr'><strong>duro</strong></span> <span class='ocrx_word' id='word_1_111' title='bbox 725 1351 879 1435; x_wconf 89' lang='lat' dir='ltr'><strong>nascitur,</strong></span> <span class='ocrx_word' id='word_1_112' title='bbox 901 1348 1034 1414; x_wconf 88' lang='lat' dir='ltr'><strong>etiamsi</strong></span> <span class='ocrx_word' id='word_1_113' title='bbox 1055 1345 1095 1413; x_wconf 86' lang='lat' dir='ltr'><strong>al·</strong></span> 
     </span>
     <span class='ocr_line' id='line_1_15' title="bbox 98 1437 1096 1526; baseline -0.004 -21"><span class='ocrx_word' id='word_1_114' title='bbox 98 1440 189 1526; x_wconf 90' lang='lat' dir='ltr'><strong>tulit,</strong></span> <span class='ocrx_word' id='word_1_115' title='bbox 216 1463 275 1525; x_wconf 89' lang='lat' dir='ltr'><strong>pro</strong></span> <span class='ocrx_word' id='word_1_116' title='bbox 303 1441 461 1526; x_wconf 86' lang='lat' dir='ltr'><strong>frugifero</strong></span> <span class='ocrx_word' id='word_1_117' title='bbox 488 1463 556 1505; x_wconf 89' lang='lat' dir='ltr'><strong>non</strong></span> <span class='ocrx_word' id='word_1_118' title='bbox 583 1444 633 1505; x_wconf 87' lang='lat' dir='ltr'><strong>est</strong></span> <span class='ocrx_word' id='word_1_119' title='bbox 659 1441 839 1524; x_wconf 86' lang='lat' dir='ltr'><strong>ponendus:</strong></span> <span class='ocrx_word' id='word_1_120' title='bbox 870 1440 905 1504; x_wconf 93' lang='lat' dir='ltr'><strong>in</strong></span> <span class='ocrx_word' id='word_1_121' title='bbox 933 1461 994 1504; x_wconf 88' lang='lat' dir='ltr'><strong>auo</strong></span> <span class='ocrx_word' id='word_1_122' title='bbox 1023 1437 1096 1502; x_wconf 90' lang='lat' dir='ltr'><strong>eniu</strong></span> 
     </span>
     <span class='ocr_line' id='line_1_16' title="bbox 97 1524 1121 1613; baseline -0.005 -20"><span class='ocrx_word' id='word_1_123' title='bbox 97 1529 169 1594; x_wconf 90' lang='lat' dir='ltr'><strong>loco</strong></span> <span class='ocrx_word' id='word_1_124' title='bbox 193 1530 384 1594; x_wconf 84' lang='lat' dir='ltr'><strong>fecundatur</strong></span> <span class='ocrx_word' id='word_1_125' title='bbox 407 1552 426 1593; x_wconf 91' lang='lat' dir='ltr'><strong>a</strong></span> <span class='ocrx_word' id='word_1_126' title='bbox 449 1534 560 1613; x_wconf 91' lang='lat' dir='ltr'><strong>matre,</strong></span> <span class='ocrx_word' id='word_1_127' title='bbox 583 1530 760 1594; x_wconf 87' lang='lat' dir='ltr'><strong>translatus</strong></span> <span class='ocrx_word' id='word_1_128' title='bbox 782 1550 859 1594; x_wconf 92' lang='lat' dir='ltr'><strong>uero</strong></span> <span class='ocrx_word' id='word_1_129' title='bbox 879 1531 971 1592; x_wconf 87' lang='lat' dir='ltr'><strong>tenet</strong></span> <span class='ocrx_word' id='word_1_130' title='bbox 989 1524 1121 1592; x_wconf 81' lang='lat' dir='ltr'><strong>sterili-o</strong></span> 
     </span>
     <span class='ocr_line' id='line_1_17' title="bbox 98 1616 1097 1703; baseline -0.004 -22"><span class='ocrx_word' id='word_1_131' title='bbox 98 1618 177 1682; x_wconf 91' lang='lat' dir='ltr'><strong>tatis</strong></span> <span class='ocrx_word' id='word_1_132' title='bbox 197 1619 324 1703; x_wconf 85' lang='lat' dir='ltr'><strong>uitium,</strong></span> <span class='ocrx_word' id='word_1_133' title='bbox 344 1619 429 1702; x_wconf 92' lang='lat' dir='ltr'><strong>quod</strong></span> <span class='ocrx_word' id='word_1_134' title='bbox 446 1619 599 1683; x_wconf 90' lang='lat' dir='ltr'><strong>nascendi</strong></span> <span class='ocrx_word' id='word_1_135' title='bbox 618 1616 802 1683; x_wconf 87' lang='lat' dir='ltr'><strong>conditione</strong></span> <span class='ocrx_word' id='word_1_136' title='bbox 822 1617 976 1701; x_wconf 84' lang='lat' dir='ltr'><strong>suscepit.</strong></span> <span class='ocrx_word' id='word_1_137' title='bbox 1009 1617 1097 1700; x_wconf 86' lang='lat' dir='ltr'><strong>caput</strong></span> 
     </span>
     <span class='ocr_line' id='line_1_18' title="bbox 100 1707 1099 1792; baseline -0.002 -22"><span class='ocrx_word' id='word_1_138' title='bbox 100 1707 256 1770; x_wconf 86' lang='lat' dir='ltr'><strong>sarmenti</strong></span> <span class='ocrx_word' id='word_1_139' title='bbox 288 1729 361 1771; x_wconf 87' lang='lat' dir='ltr'><strong>oum</strong></span> <span class='ocrx_word' id='word_1_140' title='bbox 394 1707 579 1790; x_wconf 85' lang='lat' dir='ltr'><strong>deponitur,</strong></span> <span class='ocrx_word' id='word_1_141' title='bbox 615 1707 832 1792; x_wconf 89' lang='lat' dir='ltr'><strong>torquendum</strong></span> <span class='ocrx_word' id='word_1_142' title='bbox 868 1727 935 1770; x_wconf 92' lang='lat' dir='ltr'><strong>non</strong></span> <span class='ocrx_word' id='word_1_143' title='bbox 967 1708 1019 1770; x_wconf 89' lang='lat' dir='ltr'><strong>est</strong></span> <span class='ocrx_word' id='word_1_144' title='bbox 1048 1722 1099 1769; x_wconf 90' lang='lat' dir='ltr'><strong>nec</strong></span> 
     </span>
     <span class='ocr_line' id='line_1_19' title="bbox 100 1793 1099 1880; baseline -0.002 -21"><span class='ocrx_word' id='word_1_145' title='bbox 100 1794 208 1878; x_wconf 92' lang='lat' dir='ltr'><strong>aliquo</strong></span> <span class='ocrx_word' id='word_1_146' title='bbox 228 1817 317 1860; x_wconf 90' lang='lat' dir='ltr'><strong>more</strong></span> <span class='ocrx_word' id='word_1_147' title='bbox 335 1796 525 1878; x_wconf 88' lang='lat' dir='ltr'><strong>uexandum,</strong></span> <span class='ocrx_word' id='word_1_148' title='bbox 544 1818 584 1860; x_wconf 91' lang='lat' dir='ltr'><strong>ne</strong></span> <span class='ocrx_word' id='word_1_149' title='bbox 604 1797 750 1860; x_wconf 86' lang='lat' dir='ltr'><strong>demersa</strong></span> <span class='ocrx_word' id='word_1_150' title='bbox 768 1795 898 1880; x_wconf 89' lang='lat' dir='ltr'><strong>penitus</strong></span> <span class='ocrx_word' id='word_1_151' title='bbox 918 1793 1099 1860; x_wconf 86' lang='lat' dir='ltr'><strong>fecundiora</strong></span> 
     </span>
     <span class='ocr_line' id='line_1_20' title="bbox 99 1884 1101 1968; baseline -0.001 -21"><span class='ocrx_word' id='word_1_152' title='bbox 99 1887 205 1968; x_wconf 90' lang='lat' dir='ltr'><strong>parte,</strong></span> <span class='ocrx_word' id='word_1_153' title='bbox 234 1885 320 1968; x_wconf 94' lang='lat' dir='ltr'><strong>quod</strong></span> <span class='ocrx_word' id='word_1_154' title='bbox 348 1884 452 1948; x_wconf 90' lang='lat' dir='ltr'><strong>sterili</strong></span> <span class='ocrx_word' id='word_1_155' title='bbox 479 1885 664 1968; x_wconf 88' lang='lat' dir='ltr'><strong>proximum</strong></span> <span class='ocrx_word' id='word_1_156' title='bbox 692 1888 754 1966; x_wconf 88' lang='lat' dir='ltr'><strong>est,</strong></span> <span class='ocrx_word' id='word_1_157' title='bbox 784 1905 882 1968; x_wconf 83' lang='lat' dir='ltr'><strong>supra</strong></span> <span class='ocrx_word' id='word_1_158' title='bbox 909 1885 1035 1947; x_wconf 87' lang='lat' dir='ltr'><strong>terram</strong></span> <span class='ocrx_word' id='word_1_159' title='bbox 1061 1904 1101 1946; x_wconf 87' lang='lat' dir='ltr'><strong>re·</strong></span> 
     </span>
     <span class='ocr_line' id='line_1_21' title="bbox 98 1971 1128 2057; baseline -0.004 -21"><span class='ocrx_word' id='word_1_160' title='bbox 98 1971 280 2056; x_wconf 85' lang='lat' dir='ltr'><strong>linquatur:</strong></span> <span class='ocrx_word' id='word_1_161' title='bbox 308 1973 421 2037; x_wconf 91' lang='lat' dir='ltr'><strong>deinde</strong></span> <span class='ocrx_word' id='word_1_162' title='bbox 449 1974 535 2056; x_wconf 92' lang='lat' dir='ltr'><strong>quod</strong></span> <span class='ocrx_word' id='word_1_163' title='bbox 562 1973 635 2057; x_wconf 87' lang='lat' dir='ltr'><strong>ipsa</strong></span> <span class='ocrx_word' id='word_1_164' title='bbox 662 1976 791 2036; x_wconf 88' lang='lat' dir='ltr'><strong>tortura</strong></span> <span class='ocrx_word' id='word_1_165' title='bbox 818 1972 947 2037; x_wconf 85' lang='lat' dir='ltr'><strong>vexatio</strong></span> <span class='ocrx_word' id='word_1_166' title='bbox 976 1976 1043 2056; x_wconf 87' lang='lat' dir='ltr'><strong>est,</strong></span> <span class='ocrx_word' id='word_1_167' title='bbox 1073 1973 1128 2035; x_wconf 80' lang='lat' dir='ltr'><strong>eta</strong></span> 
     </span>
     <span class='ocr_line' id='line_1_22' title="bbox 98 2058 1102 2148; baseline -0.003 -22"><span class='ocrx_word' id='word_1_168' title='bbox 98 2084 175 2146; x_wconf 86' lang='lat' dir='ltr'><strong>pars</strong></span> <span class='ocrx_word' id='word_1_169' title='bbox 207 2085 260 2146; x_wconf 90' lang='lat' dir='ltr'><strong>ea,</strong></span> <span class='ocrx_word' id='word_1_170' title='bbox 292 2063 330 2126; x_wconf 91' lang='lat' dir='ltr'><strong>de</strong></span> <span class='ocrx_word' id='word_1_171' title='bbox 364 2085 427 2148; x_wconf 90' lang='lat' dir='ltr'><strong>qua</strong></span> <span class='ocrx_word' id='word_1_172' title='bbox 459 2062 550 2126; x_wconf 85' lang='lat' dir='ltr'><strong>radix</strong></span> <span class='ocrx_word' id='word_1_173' title='bbox 581 2061 816 2146; x_wconf 90' lang='lat' dir='ltr'><strong>praesumitur,</strong></span> <span class='ocrx_word' id='word_1_174' title='bbox 853 2060 992 2125; x_wconf 90' lang='lat' dir='ltr'><strong>iniuriae</strong></span> <span class='ocrx_word' id='word_1_175' title='bbox 1024 2058 1102 2125; x_wconf 88' lang='lat' dir='ltr'><strong>nulli</strong></span> 
     </span>
     <span class='ocr_line' id='line_1_23' title="bbox 100 2150 1103 2234; baseline -0.002 -19"><span class='ocrx_word' id='word_1_176' title='bbox 100 2151 288 2216; x_wconf 89' lang='lat' dir='ltr'><strong>subicienda</strong></span> <span class='ocrx_word' id='word_1_177' title='bbox 320 2156 383 2233; x_wconf 89' lang='lat' dir='ltr'><strong>est,</strong></span> <span class='ocrx_word' id='word_1_178' title='bbox 415 2173 488 2215; x_wconf 89' lang='lat' dir='ltr'><strong>cum</strong></span> <span class='ocrx_word' id='word_1_179' title='bbox 518 2172 583 2233; x_wconf 89' lang='lat' dir='ltr'><strong>qua</strong></span> <span class='ocrx_word' id='word_1_180' title='bbox 612 2150 804 2215; x_wconf 79' lang='lat' dir='ltr'><strong>contendere</strong></span> <span class='ocrx_word' id='word_1_181' title='bbox 836 2152 986 2234; x_wconf 85' lang='lat' dir='ltr'><strong>cogatur,</strong></span> <span class='ocrx_word' id='word_1_182' title='bbox 1019 2153 1103 2214; x_wconf 90' lang='lat' dir='ltr'><strong>ante·</strong></span> 
     </span>
     <span class='ocr_line' id='line_1_24' title="bbox 101 2238 1104 2325; baseline -0.003 -21"><span class='ocrx_word' id='word_1_183' title='bbox 101 2262 198 2323; x_wconf 91' lang='lat' dir='ltr'><strong>quam</strong></span> <span class='ocrx_word' id='word_1_184' title='bbox 221 2244 339 2305; x_wconf 88' lang='lat' dir='ltr'><strong>teneat.</strong></span> <span class='ocrx_word' id='word_1_185' title='bbox 375 2240 541 2325; x_wconf 89' lang='lat' dir='ltr'><strong>ponendae</strong></span> <span class='ocrx_word' id='word_1_186' title='bbox 565 2243 641 2303; x_wconf 87' lang='lat' dir='ltr'><strong>sunt</strong></span> <span class='ocrx_word' id='word_1_187' title='bbox 663 2241 748 2303; x_wconf 87' lang='lat' dir='ltr'><strong>uites</strong></span> <span class='ocrx_word' id='word_1_188' title='bbox 771 2238 907 2323; x_wconf 87' lang='lat' dir='ltr'><strong>placidis</strong></span> <span class='ocrx_word' id='word_1_189' title='bbox 931 2238 1049 2302; x_wconf 91' lang='lat' dir='ltr'><strong>diebus</strong></span> <span class='ocrx_word' id='word_1_190' title='bbox 1072 2258 1104 2301; x_wconf 91' lang='lat' dir='ltr'><strong>ac</strong></span> 
     </span>
     <span class='ocr_line' id='line_1_25' title="bbox 100 2328 1104 2413; baseline -0.001 -22"><span class='ocrx_word' id='word_1_191' title='bbox 100 2329 219 2411; x_wconf 87' lang='lat' dir='ltr'><strong>tepidis</strong></span> <span class='ocrx_word' id='word_1_192' title='bbox 247 2331 498 2413; x_wconf 88' lang='lat' dir='ltr'><strong>curandumque,</strong></span> <span class='ocrx_word' id='word_1_193' title='bbox 528 2350 568 2392; x_wconf 93' lang='lat' dir='ltr'><strong>ne</strong></span> <span class='ocrx_word' id='word_1_194' title='bbox 599 2332 763 2392; x_wconf 88' lang='lat' dir='ltr'><strong>sarmenta</strong></span> <span class='ocrx_word' id='word_1_195' title='bbox 791 2328 858 2392; x_wconf 91' lang='lat' dir='ltr'><strong>sole</strong></span> <span class='ocrx_word' id='word_1_196' title='bbox 885 2330 1025 2391; x_wconf 90' lang='lat' dir='ltr'><strong>urantur</strong></span> <span class='ocrx_word' id='word_1_197' title='bbox 1053 2329 1104 2391; x_wconf 93' lang='lat' dir='ltr'><strong>aut</strong></span> 
     </span>
     <span class='ocr_line' id='line_1_26' title="bbox 100 2416 1135 2501; baseline -0.003 -22"><span class='ocrx_word' id='word_1_198' title='bbox 100 2421 209 2500; x_wconf 89' lang='lat' dir='ltr'><strong>uento,</strong></span> <span class='ocrx_word' id='word_1_199' title='bbox 228 2419 282 2481; x_wconf 91' lang='lat' dir='ltr'><strong>sed</strong></span> <span class='ocrx_word' id='word_1_200' title='bbox 302 2419 353 2482; x_wconf 88' lang='lat' dir='ltr'><strong>uel</strong></span> <span class='ocrx_word' id='word_1_201' title='bbox 373 2419 486 2483; x_wconf 89' lang='lat' dir='ltr'><strong>statim</strong></span> <span class='ocrx_word' id='word_1_202' title='bbox 504 2420 667 2501; x_wconf 90' lang='lat' dir='ltr'><strong>ponantur</strong></span> <span class='ocrx_word' id='word_1_203' title='bbox 685 2416 737 2481; x_wconf 92' lang='lat' dir='ltr'><strong>uel</strong></span> <span class='ocrx_word' id='word_1_204' title='bbox 757 2417 875 2480; x_wconf 90' lang='lat' dir='ltr'><strong>obruta</strong></span> <span class='ocrx_word' id='word_1_205' title='bbox 892 2419 1135 2480; x_wconf 75' lang='lat' dir='ltr'><strong>reseruentur.u</strong></span> 
     </span>
     <span class='ocr_line' id='line_1_27' title="bbox 57 2505 1106 2590; baseline -0.003 -19"><span class='ocrx_word' id='word_1_206' title='bbox 57 2507 77 2571; x_wconf 89' lang='lat'>9</span> <span class='ocrx_word' id='word_1_207' title='bbox 100 2505 162 2569; x_wconf 93' lang='lat' dir='ltr'><strong>hoc</strong></span> <span class='ocrx_word' id='word_1_208' title='bbox 191 2527 299 2570; x_wconf 87' lang='lat' dir='ltr'><strong>mense</strong></span> <span class='ocrx_word' id='word_1_209' title='bbox 329 2530 367 2573; x_wconf 90' lang='lat' dir='ltr'><strong>ac</strong></span> <span class='ocrx_word' id='word_1_210' title='bbox 395 2507 543 2590; x_wconf 85' lang='lat' dir='ltr'><strong>deinceps</strong></span> <span class='ocrx_word' id='word_1_211' title='bbox 571 2509 643 2570; x_wconf 93' lang='lat' dir='ltr'><strong>toto</strong></span> <span class='ocrx_word' id='word_1_212' title='bbox 668 2526 744 2569; x_wconf 89' lang='lat' dir='ltr'><strong>uere</strong></span> <span class='ocrx_word' id='word_1_213' title='bbox 768 2505 864 2569; x_wconf 92' lang='lat' dir='ltr'><strong>uinea</strong></span> <span class='ocrx_word' id='word_1_214' title='bbox 885 2505 1037 2589; x_wconf 92' lang='lat' dir='ltr'><strong>ponenda</strong></span> <span class='ocrx_word' id='word_1_215' title='bbox 1060 2508 1106 2569; x_wconf 87' lang='lat' dir='ltr'><strong>est</strong></span> 
     </span>
    </p>
   </div>
   <div class='ocr_carea' id='block_1_4' title="bbox 93 2711 1108 3570">
    <p class='ocr_par' dir='ltr' id='par_1_5' title="bbox 93 2711 1108 3570">
     <span class='ocr_line' id='line_1_28' title="bbox 172 2711 1106 2797; baseline 0.001 -30"><span class='ocrx_word' id='word_1_216' title='bbox 172 2720 188 2767; x_wconf 84' lang='lat'><strong>3</strong></span> <span class='ocrx_word' id='word_1_217' title='bbox 208 2717 259 2768; x_wconf 87' lang='lat' dir='ltr'><strong>aut</strong></span> <span class='ocrx_word' id='word_1_218' title='bbox 276 2713 358 2769; x_wconf 85' lang='lat' dir='ltr'><strong>binas</strong></span> <span class='ocrx_word' id='word_1_219' title='bbox 377 2732 428 2770; x_wconf 85' lang='lat' dir='ltr'><strong>om.</strong></span> <span class='ocrx_word' id='word_1_220' title='bbox 445 2716 490 2797; x_wconf 79' lang='lat' dir='ltr'><strong>G]</strong></span> <span class='ocrx_word' id='word_1_221' title='bbox 507 2731 579 2782; x_wconf 89' lang='lat' dir='ltr'><strong>quae</strong></span> <span class='ocrx_word' id='word_1_222' title='bbox 599 2731 642 2769; x_wconf 85' lang='lat' dir='ltr'><strong>om</strong></span> <span class='ocrx_word' id='word_1_223' title='bbox 660 2714 691 2769; x_wconf 84' lang='lat' dir='ltr'><strong><em>E</em></strong></span> <span class='ocrx_word' id='word_1_224' title='bbox 704 2715 708 2785; x_wconf 97' lang='grc'>1</span> <span class='ocrx_word' id='word_1_225' title='bbox 724 2713 857 2768; x_wconf 83' lang='lat' dir='ltr'><strong>libertate</strong></span> <span class='ocrx_word' id='word_1_226' title='bbox 875 2714 957 2783; x_wconf 83' lang='grc' dir='ltr'><strong>Ε14</strong></span> <span class='ocrx_word' id='word_1_227' title='bbox 976 2713 1037 2767; x_wconf 86' lang='lat' dir='ltr'><strong>lam</strong></span> <span class='ocrx_word' id='word_1_228' title='bbox 1058 2711 1106 2785; x_wconf 73' lang='grc' dir='ltr'><strong>ΕΙ</strong></span> 
     </span>
     <span class='ocr_line' id='line_1_29' title="bbox 100 2784 1108 2908; baseline -0.001 -69"><span class='ocrx_word' id='word_1_229' title='bbox 100 2784 255 2840; x_wconf 88' lang='lat' dir='ltr'><strong>feliciorem</strong></span> <span class='ocrx_word' id='word_1_230' title='bbox 273 2786 304 2839; x_wconf 85' lang='lat' dir='ltr'><strong><em>E</em></strong></span> <span class='ocrx_word' id='word_1_231' title='bbox 325 2789 333 2856; x_wconf 95' lang='grc'><strong>11</strong></span> <span class='ocrx_word' id='word_1_232' title='bbox 357 2788 538 2840; x_wconf 78' lang='lat' dir='ltr'><strong>omaterram</strong></span> <span class='ocrx_word' id='word_1_233' title='bbox 556 2787 587 2839; x_wconf 93' lang='grc' dir='ltr'><em>Ε</em></span> <span class='ocrx_word' id='word_1_234' title='bbox 606 2787 618 2908; x_wconf 90' lang='grc'><strong>11</strong></span> <span class='ocrx_word' id='word_1_235' title='bbox 637 2791 651 2838; x_wconf 74' lang='grc'><strong>7</strong></span> <span class='ocrx_word' id='word_1_236' title='bbox 671 2801 728 2838; x_wconf 91' lang='lat' dir='ltr'><strong>una</strong></span> <span class='ocrx_word' id='word_1_237' title='bbox 746 2785 777 2838; x_wconf 87' lang='lat' dir='ltr'><strong><em>E</em></strong></span> <span class='ocrx_word' id='word_1_238' title='bbox 791 2787 795 2856; x_wconf 94' lang='grc'>1</span> <span class='ocrx_word' id='word_1_239' title='bbox 811 2784 840 2838; x_wconf 91' lang='lat' dir='ltr'><strong>in</strong></span> <span class='ocrx_word' id='word_1_240' title='bbox 859 2784 947 2854; x_wconf 84' lang='lat' dir='ltr'><strong>signia</strong></span> <span class='ocrx_word' id='word_1_241' title='bbox 965 2784 1048 2854; x_wconf 90' lang='grc' dir='ltr'><strong>Ε118</strong></span> <span class='ocrx_word' id='word_1_242' title='bbox 1067 2785 1108 2838; x_wconf 89' lang='lat' dir='ltr'><strong>est</strong></span> 
     </span>
     <span class='ocr_line' id='line_1_30' title="bbox 103 2854 1106 2927; baseline -0.004 -14"><span class='ocrx_word' id='word_1_243' title='bbox 103 2874 153 2913; x_wconf 85' lang='lat' dir='ltr'><strong>om.</strong></span> <span class='ocrx_word' id='word_1_244' title='bbox 172 2858 197 2911; x_wconf 81' lang='lat' dir='ltr'><em>G</em></span> <span class='ocrx_word' id='word_1_245' title='bbox 213 2859 217 2927; x_wconf 91' lang='grc'>1</span> <span class='ocrx_word' id='word_1_246' title='bbox 234 2857 359 2911; x_wconf 85' lang='lat' dir='ltr'><strong>nouellos</strong></span> <span class='ocrx_word' id='word_1_247' title='bbox 379 2858 508 2927; x_wconf 75' lang='lat' dir='ltr'><strong>PLQV,</strong></span> <span class='ocrx_word' id='word_1_248' title='bbox 526 2856 607 2910; x_wconf 90' lang='lat' dir='ltr'><strong>novel</strong></span> <span class='ocrx_word' id='word_1_249' title='bbox 620 2873 650 2910; x_wconf 88' lang='lat' dir='ltr'><strong>aa</strong></span> <span class='ocrx_word' id='word_1_250' title='bbox 669 2858 681 2910; x_wconf 80' lang='lat' dir='ltr'><strong>t</strong></span> <span class='ocrx_word' id='word_1_251' title='bbox 703 2859 712 2926; x_wconf 93' lang='grc'><strong>11</strong></span> <span class='ocrx_word' id='word_1_252' title='bbox 736 2862 769 2909; x_wconf 89' lang='grc'><strong>10</strong></span> <span class='ocrx_word' id='word_1_253' title='bbox 788 2855 848 2910; x_wconf 88' lang='lat' dir='ltr'><strong>ueri</strong></span> <span class='ocrx_word' id='word_1_254' title='bbox 862 2872 915 2924; x_wconf 76' lang='lat' dir='ltr'><strong>pro</strong></span> <span class='ocrx_word' id='word_1_255' title='bbox 933 2855 1039 2910; x_wconf 90' lang='lat' dir='ltr'><strong>ueteris</strong></span> <span class='ocrx_word' id='word_1_256' title='bbox 1060 2854 1106 2926; x_wconf 72' lang='lat' dir='ltr'><strong>Q!</strong></span> 
     </span>
     <span class='ocr_line' id='line_1_31' title="bbox 101 2925 1108 2999; baseline -0.001 -17"><span class='ocrx_word' id='word_1_257' title='bbox 101 2927 233 2983; x_wconf 85' lang='lat' dir='ltr'><strong>sarmenti</strong></span> <span class='ocrx_word' id='word_1_258' title='bbox 252 2929 280 2981; x_wconf 90' lang='lat' dir='ltr'><strong><em>P</em></strong></span> <span class='ocrx_word' id='word_1_259' title='bbox 300 2931 308 2999; x_wconf 96' lang='grc'><strong>11</strong></span> <span class='ocrx_word' id='word_1_260' title='bbox 333 2935 364 2982; x_wconf 96' lang='grc'><strong>12</strong></span> <span class='ocrx_word' id='word_1_261' title='bbox 384 2927 451 2982; x_wconf 91' lang='lat' dir='ltr'><strong>boni</strong></span> <span class='ocrx_word' id='word_1_262' title='bbox 469 2929 500 2981; x_wconf 90' lang='grc' dir='ltr'><em>Ε</em></span> <span class='ocrx_word' id='word_1_263' title='bbox 520 2929 523 2997; x_wconf 95' lang='grc'>1</span> <span class='ocrx_word' id='word_1_264' title='bbox 545 2927 601 2981; x_wconf 89' lang='lat' dir='ltr'><strong>sint</strong></span> <span class='ocrx_word' id='word_1_265' title='bbox 619 2945 696 2997; x_wconf 74' lang='lat' dir='ltr'><strong>ceps</strong></span> <span class='ocrx_word' id='word_1_266' title='bbox 716 2928 719 2996; x_wconf 92' lang='grc' dir='ltr'>Ι</span> <span class='ocrx_word' id='word_1_267' title='bbox 740 2925 896 2981; x_wconf 88' lang='lat' dir='ltr'><strong>feracitatis</strong></span> <span class='ocrx_word' id='word_1_268' title='bbox 913 2926 1050 2981; x_wconf 84' lang='lat' dir='ltr'><strong>beneficio</strong></span> <span class='ocrx_word' id='word_1_269' title='bbox 1069 2925 1108 2998; x_wconf 79' lang='lat' dir='ltr'><strong>⁸il</strong></span> 
     </span>
     <span class='ocr_line' id='line_1_32' title="bbox 102 2997 1107 3069; baseline -0.003 -15"><span class='ocrx_word' id='word_1_270' title='bbox 102 3006 135 3054; x_wconf 83' lang='lat'><strong>13</strong></span> <span class='ocrx_word' id='word_1_271' title='bbox 154 3000 189 3053; x_wconf 91' lang='lat' dir='ltr'><strong>de</strong></span> <span class='ocrx_word' id='word_1_272' title='bbox 208 2998 281 3053; x_wconf 86' lang='lat' dir='ltr'><strong>sicco</strong></span> <span class='ocrx_word' id='word_1_273' title='bbox 301 3000 331 3053; x_wconf 91' lang='grc' dir='ltr'><em>Ε</em></span> <span class='ocrx_word' id='word_1_274' title='bbox 354 3002 358 3069; x_wconf 97' lang='grc'>1</span> <span class='ocrx_word' id='word_1_275' title='bbox 384 2998 511 3053; x_wconf 87' lang='lat' dir='ltr'><strong>attulerit</strong></span> <span class='ocrx_word' id='word_1_276' title='bbox 529 3016 606 3068; x_wconf 75' lang='lat' dir='ltr'><strong>ceps</strong></span> <span class='ocrx_word' id='word_1_277' title='bbox 627 3001 636 3068; x_wconf 94' lang='grc'><strong>11</strong></span> <span class='ocrx_word' id='word_1_278' title='bbox 660 3004 694 3051; x_wconf 89' lang='grc'><strong>14</strong></span> <span class='ocrx_word' id='word_1_279' title='bbox 712 2998 819 3052; x_wconf 87' lang='lat' dir='ltr'><strong>fructus</strong></span> <span class='ocrx_word' id='word_1_280' title='bbox 838 2999 946 3052; x_wconf 73' lang='lat' dir='ltr'><strong>addant</strong></span> <span class='ocrx_word' id='word_1_281' title='bbox 963 2998 995 3051; x_wconf 90' lang='grc' dir='ltr'><em>Ε</em></span> <span class='ocrx_word' id='word_1_282' title='bbox 1012 3005 1037 3052; x_wconf 86' lang='lat' dir='ltr'><strong>et</strong></span> <span class='ocrx_word' id='word_1_283' title='bbox 1054 2997 1107 3051; x_wconf 76' lang='lat' dir='ltr'><strong>edi·</strong></span> 
     </span>
     <span class='ocr_line' id='line_1_33' title="bbox 100 3068 1107 3142; baseline -0.005 -16"><span class='ocrx_word' id='word_1_284' title='bbox 100 3073 187 3127; x_wconf 75' lang='lat' dir='ltr'><strong>tiones</strong></span> <span class='ocrx_word' id='word_1_285' title='bbox 207 3074 211 3142; x_wconf 96' lang='grc'>1</span> <span class='ocrx_word' id='word_1_286' title='bbox 231 3088 280 3140; x_wconf 89' lang='lat' dir='ltr'><strong>pro</strong></span> <span class='ocrx_word' id='word_1_287' title='bbox 299 3070 380 3140; x_wconf 85' lang='lat' dir='ltr'><strong>fruge</strong></span> <span class='ocrx_word' id='word_1_288' title='bbox 398 3071 429 3124; x_wconf 91' lang='grc' dir='ltr'><em>Ε</em></span> <span class='ocrx_word' id='word_1_289' title='bbox 450 3073 458 3139; x_wconf 93' lang='grc'><strong>11</strong></span> <span class='ocrx_word' id='word_1_290' title='bbox 484 3075 515 3122; x_wconf 82' lang='grc'><strong>17</strong></span> <span class='ocrx_word' id='word_1_291' title='bbox 535 3068 705 3123; x_wconf 85' lang='lat' dir='ltr'><strong>sacramenti</strong></span> <span class='ocrx_word' id='word_1_292' title='bbox 722 3071 749 3123; x_wconf 89' lang='lat' dir='ltr'><strong><em>L</em></strong></span> <span class='ocrx_word' id='word_1_293' title='bbox 771 3071 780 3139; x_wconf 92' lang='grc'><strong>11</strong></span> <span class='ocrx_word' id='word_1_294' title='bbox 809 3074 841 3122; x_wconf 86' lang='grc'><strong>18</strong></span> <span class='ocrx_word' id='word_1_295' title='bbox 862 3068 946 3123; x_wconf 90' lang='lat' dir='ltr'><strong>modo</strong></span> <span class='ocrx_word' id='word_1_296' title='bbox 962 3085 1015 3137; x_wconf 79' lang='lat' dir='ltr'><strong>pro</strong></span> <span class='ocrx_word' id='word_1_297' title='bbox 1033 3083 1107 3122; x_wconf 88' lang='lat' dir='ltr'><strong>more</strong></span> 
     </span>
     <span class='ocr_line' id='line_1_34' title="bbox 105 3137 1107 3214; baseline -0.004 -17"><span class='ocrx_word' id='word_1_298' title='bbox 105 3144 210 3212; x_wconf 75' lang='lat' dir='ltr'><strong>Vacps</strong></span> <span class='ocrx_word' id='word_1_299' title='bbox 230 3145 234 3214; x_wconf 98' lang='grc'>1</span> <span class='ocrx_word' id='word_1_300' title='bbox 255 3142 314 3196; x_wconf 90' lang='lat' dir='ltr'><strong>Nec</strong></span> <span class='ocrx_word' id='word_1_301' title='bbox 338 3142 465 3195; x_wconf 88' lang='lat' dir='ltr'><strong>demersa</strong></span> <span class='ocrx_word' id='word_1_302' title='bbox 487 3141 529 3208; x_wconf 78' lang='lat' dir='ltr'><strong>ic,</strong></span> <span class='ocrx_word' id='word_1_303' title='bbox 558 3139 679 3193; x_wconf 88' lang='lat' dir='ltr'><strong>dimersa</strong></span> <span class='ocrx_word' id='word_1_304' title='bbox 702 3141 733 3208; x_wconf 87' lang='lat' dir='ltr'><strong>V,</strong></span> <span class='ocrx_word' id='word_1_305' title='bbox 758 3140 915 3194; x_wconf 88' lang='lat' dir='ltr'><strong>demersum</strong></span> <span class='ocrx_word' id='word_1_306' title='bbox 938 3139 988 3210; x_wconf 73' lang='grc'><strong>611</strong></span> <span class='ocrx_word' id='word_1_307' title='bbox 1014 3137 1107 3194; x_wconf 81' lang='lat' dir='ltr'><strong>fe&#39;cun·</strong></span> 
     </span>
     <span class='ocr_line' id='line_1_35' title="bbox 102 3210 1107 3284; baseline -0.002 -19"><span class='ocrx_word' id='word_1_308' title='bbox 102 3212 174 3266; x_wconf 88' lang='lat' dir='ltr'><strong>diori</strong></span> <span class='ocrx_word' id='word_1_309' title='bbox 192 3214 222 3267; x_wconf 88' lang='grc' dir='ltr'><em>Ε</em></span> <span class='ocrx_word' id='word_1_310' title='bbox 242 3216 252 3284; x_wconf 93' lang='grc'><strong>11</strong></span> <span class='ocrx_word' id='word_1_311' title='bbox 276 3219 308 3266; x_wconf 85' lang='grc'><strong>19</strong></span> <span class='ocrx_word' id='word_1_312' title='bbox 328 3211 422 3267; x_wconf 89' lang='lat' dir='ltr'><strong>stereli</strong></span> <span class='ocrx_word' id='word_1_313' title='bbox 441 3213 468 3267; x_wconf 77' lang='lat' dir='ltr'><em>L</em></span> <span class='ocrx_word' id='word_1_314' title='bbox 484 3214 487 3280; x_wconf 93' lang='grc'>1</span> <span class='ocrx_word' id='word_1_315' title='bbox 504 3227 587 3280; x_wconf 89' lang='lat' dir='ltr'><strong>super</strong></span> <span class='ocrx_word' id='word_1_316' title='bbox 604 3211 648 3280; x_wconf 71' lang='lat' dir='ltr'><strong>Vt</strong></span> <span class='ocrx_word' id='word_1_317' title='bbox 664 3214 753 3264; x_wconf 87' lang='lat' dir='ltr'><strong>terras</strong></span> <span class='ocrx_word' id='word_1_318' title='bbox 776 3212 851 3266; x_wconf 84' lang='lat' dir='ltr'><strong>codd.</strong></span> <span class='ocrx_word' id='word_1_319' title='bbox 871 3211 925 3266; x_wconf 80' lang='lat' dir='ltr'><strong>eti</strong></span> <span class='ocrx_word' id='word_1_320' title='bbox 946 3212 956 3280; x_wconf 91' lang='grc'><strong>11</strong></span> <span class='ocrx_word' id='word_1_321' title='bbox 979 3217 1014 3264; x_wconf 87' lang='grc'><strong>20</strong></span> <span class='ocrx_word' id='word_1_322' title='bbox 1033 3210 1107 3280; x_wconf 92' lang='lat' dir='ltr'><strong>quod</strong></span> 
     </span>
     <span class='ocr_line' id='line_1_36' title="bbox 101 3280 1107 3353; baseline -0.003 -16"><span class='ocrx_word' id='word_1_323' title='bbox 101 3300 150 3337; x_wconf 77' lang='lat' dir='ltr'><strong>oua</strong></span> <span class='ocrx_word' id='word_1_324' title='bbox 171 3284 227 3352; x_wconf 80' lang='lat' dir='ltr'><strong>Fi,</strong></span> <span class='ocrx_word' id='word_1_325' title='bbox 251 3284 383 3352; x_wconf 91' lang='lat' dir='ltr'><strong>quoniam</strong></span> <span class='ocrx_word' id='word_1_326' title='bbox 404 3284 465 3337; x_wconf 79' lang='lat' dir='ltr'><strong>hab.</strong></span> <span class='ocrx_word' id='word_1_327' title='bbox 490 3299 565 3351; x_wconf 72' lang='lat' dir='ltr'><strong>acqs</strong></span> <span class='ocrx_word' id='word_1_328' title='bbox 590 3284 595 3350; x_wconf 94' lang='grc'>1</span> <span class='ocrx_word' id='word_1_329' title='bbox 623 3280 686 3350; x_wconf 90' lang='lat' dir='ltr'><strong>ipsa</strong></span> <span class='ocrx_word' id='word_1_330' title='bbox 709 3299 758 3336; x_wconf 88' lang='lat' dir='ltr'><strong>om.</strong></span> <span class='ocrx_word' id='word_1_331' title='bbox 774 3283 805 3336; x_wconf 91' lang='grc' dir='ltr'><em>Ε</em></span> <span class='ocrx_word' id='word_1_332' title='bbox 829 3285 839 3353; x_wconf 96' lang='grc'><strong>11</strong></span> <span class='ocrx_word' id='word_1_333' title='bbox 866 3288 899 3335; x_wconf 89' lang='grc'><strong>21</strong></span> <span class='ocrx_word' id='word_1_334' title='bbox 923 3280 1107 3335; x_wconf 83' lang='lat' dir='ltr'><strong>radix-solo</strong></span> 
     </span>
     <span class='ocr_line' id='line_1_37' title="bbox 101 3352 1062 3425; baseline -0.002 -17"><span class='ocrx_word' id='word_1_335' title='bbox 101 3356 160 3421; x_wconf 80' lang='lat' dir='ltr'><strong>(aab</strong></span> <span class='ocrx_word' id='word_1_336' title='bbox 183 3355 230 3421; x_wconf 68' lang='lat' dir='ltr'><strong>fio.</strong></span> <span class='ocrx_word' id='word_1_337' title='bbox 250 3359 320 3424; x_wconf 81' lang='lat' dir='ltr'><strong>cap.)</strong></span> <span class='ocrx_word' id='word_1_338' title='bbox 343 3373 392 3410; x_wconf 85' lang='lat' dir='ltr'><strong>om.</strong></span> <span class='ocrx_word' id='word_1_339' title='bbox 408 3354 438 3407; x_wconf 89' lang='grc' dir='ltr'><em>Ε</em></span> <span class='ocrx_word' id='word_1_340' title='bbox 466 3356 470 3423; x_wconf 93' lang='grc'>1</span> <span class='ocrx_word' id='word_1_341' title='bbox 499 3352 579 3406; x_wconf 86' lang='lat' dir='ltr'><strong>radix</strong></span> <span class='ocrx_word' id='word_1_342' title='bbox 602 3352 698 3405; x_wconf 86' lang='lat' dir='ltr'><strong>futura</strong></span> <span class='ocrx_word' id='word_1_343' title='bbox 721 3370 769 3422; x_wconf 84' lang='lat' dir='ltr'><strong>us,</strong></span> <span class='ocrx_word' id='word_1_344' title='bbox 796 3353 876 3407; x_wconf 87' lang='lat' dir='ltr'><strong>radix</strong></span> <span class='ocrx_word' id='word_1_345' title='bbox 904 3352 1025 3425; x_wconf 86' lang='lat' dir='ltr'><strong>[futura]</strong></span> <span class='ocrx_word' id='word_1_346' title='bbox 1048 3370 1062 3407; x_wconf 89' lang='lat' dir='ltr'><strong>c</strong></span> 
     </span>
     <span class='ocr_line' id='line_1_38' title="bbox 102 3370 1084 3495; baseline 0.002 -18"><span class='ocrx_word' id='word_1_347' title='bbox 102 3431 135 3477; x_wconf 91' lang='grc'><strong>22</strong></span> <span class='ocrx_word' id='word_1_348' title='bbox 159 3428 362 3480; x_wconf 84' lang='lat' dir='ltr'><strong>cum—teneat</strong></span> <span class='ocrx_word' id='word_1_349' title='bbox 380 3427 490 3495; x_wconf 63' lang='lat' dir='ltr'><strong>empti</strong></span> <span class='ocrx_word' id='word_1_350' title='bbox 504 3430 537 3477; x_wconf 88' lang='grc'><strong>23</strong></span> <span class='ocrx_word' id='word_1_351' title='bbox 562 3423 599 3477; x_wconf 86' lang='lat' dir='ltr'><strong>ad</strong></span> <span class='ocrx_word' id='word_1_352' title='bbox 616 3440 667 3492; x_wconf 81' lang='lat' dir='ltr'><strong>pro</strong></span> <span class='ocrx_word' id='word_1_353' title='bbox 687 3440 720 3476; x_wconf 89' lang='lat' dir='ltr'><strong>ac</strong></span> <span class='ocrx_word' id='word_1_354' title='bbox 736 3424 759 3493; x_wconf 74' lang='lat' dir='ltr'><strong><em>Q</em></strong></span> <span class='ocrx_word' id='word_1_355' title='bbox 777 3427 840 3493; x_wconf 84' lang='grc'><strong>1124</strong></span> <span class='ocrx_word' id='word_1_356' title='bbox 859 3441 895 3478; x_wconf 91' lang='lat' dir='ltr'><strong>au</strong></span> <span class='ocrx_word' id='word_1_357' title='bbox 913 3441 964 3492; x_wconf 75' lang='lat' dir='ltr'><strong>pro</strong></span> <span class='ocrx_word' id='word_1_358' title='bbox 987 3370 1084 3479; x_wconf 70' lang='lat' dir='ltr'><strong>antii</strong></span> 
     </span>
     <span class='ocr_line' id='line_1_39' title="bbox 93 3493 922 3570; baseline -0.004 -22"><span class='ocrx_word' id='word_1_359' title='bbox 93 3501 131 3548; x_wconf 73' lang='lat'><strong>25</strong></span> <span class='ocrx_word' id='word_1_360' title='bbox 147 3495 269 3566; x_wconf 83' lang='lat' dir='ltr'><strong>obrupta</strong></span> <span class='ocrx_word' id='word_1_361' title='bbox 290 3497 385 3570; x_wconf 61' lang='grc'>91126</span> <span class='ocrx_word' id='word_1_362' title='bbox 405 3496 508 3553; x_wconf 89' lang='lat' dir='ltr'><strong>uineae</strong></span> <span class='ocrx_word' id='word_1_363' title='bbox 529 3495 563 3568; x_wconf 75' lang='lat' dir='ltr'><strong>Q,</strong></span> <span class='ocrx_word' id='word_1_364' title='bbox 580 3494 718 3566; x_wconf 87' lang='lat' dir='ltr'><strong>ponenda</strong></span> <span class='ocrx_word' id='word_1_365' title='bbox 735 3497 780 3547; x_wconf 82' lang='lat' dir='ltr'><strong>est</strong></span> <span class='ocrx_word' id='word_1_366' title='bbox 796 3493 884 3546; x_wconf 76' lang='lat' dir='ltr'><strong>uinea</strong></span> <span class='ocrx_word' id='word_1_367' title='bbox 902 3493 922 3545; x_wconf 74' lang='lat' dir='ltr'>S</span> 
     </span>
    </p>
   </div>
   <div class='ocr_carea' id='block_1_5' title="bbox 0 0 1194 3832">
    <p class='ocr_par' dir='ltr' id='par_1_6' title="bbox 0 0 1194 3832">
     <span class='ocr_line' id='line_1_40' title="bbox 0 0 1194 3832; baseline 0 0"><span class='ocrx_word' id='word_1_368' title='bbox 0 0 1194 3832; x_wconf 95' lang='lat' dir='ltr'><strong> </strong></span> 
     </span>
    </p>
   </div>
  </div>
 </body>
</html>
