2378 3832
468 180 585 237 acmo.
600 181 640 235 XI
654 189 687 236 12
1017 183 1081 248 221

71 327 107 392 in
134 327 285 411 platano,
312 331 349 392 ut
377 326 447 412 alii,
475 328 509 392 in
536 329 667 413 populo.
714 332 802 394 amat
831 328 960 394 scrobes
989 327 1083 413 altas,

72 417 182 501 spatia
200 415 353 501 largiora,
372 417 522 482 adsiduas
540 415 711 483 fossiones.
741 418 851 502 putari
869 417 904 481 in
921 439 960 482 ea
974 418 1084 501 putria

72 508 105 570 et
128 505 216 571 sicca
237 505 403 570 ’debebunt
425 507 488 590 uel,
511 527 593 590 qnae
616 506 747 571 densius
771 510 877 571 artata
899 505 1084 591 protulerit,

72 598 109 658 nt
137 598 290 658 rarescat.
335 595 449 659 fimum
476 616 543 659 non
570 599 659 660 amat
682 601 779 678 atque
802 595 876 659 inde
899 596 1082 681 degenerat.

28 703 49 742 5
73 703 185 748 cerasa
202 686 240 748 ut
259 683 328 747 sine
348 705 420 748 osse
438 688 623 767 nascantur,
646 684 717 748 fieri
730 683 893 748 Martialis
911 683 974 750 hoo
993 684 1081 748 dicit.
1106 685 1123 749 7

73 770 223 836 arborem
247 775 393 836 teneram
416 771 456 836 ad
479 773 560 837 duos
579 773 675 856 pedes
695 773 817 837 recides
837 777 870 837 et
889 795 960 837 eam
978 794 1081 857 usque

72 861 113 923 ad
141 861 283 926 radicem
309 861 425 945 findas,
458 862 632 925 medullam
664 862 768 945 partis
798 862 967 944 utriusque
995 862 1082 926 ferro

72 948 201 1013 curabis
225 950 379 1014 abradere
404 954 437 1014 et
460 951 573 1014 statim
595 954 750 1034 utrasque
773 953 883 1034 partes
908 952 942 1014 in
961 972 996 1015 se
1013 950 1083 1015 uin-

74 1037 146 1102 culo
175 1039 317 1122 stringes
345 1042 379 1103 et
402 1039 527 1103 oblines
555 1040 633 1103 fimo
658 1044 691 1103 et
714 1061 876 1103 summam
899 1044 1024 1122 partem
1050 1044 1082 1104 et

28 1145 58 1185 o
74 1126 214 1191 lateram
246 1127 416 1192 diuisuras.
466 1132 542 1212 post
569 1150 690 1192 annum
718 1128 851 1193 cicatrix
879 1127 978 1192 ducta
1005 1128 1082 1192 soli-

74 1215 179 1281 datur.
215 1215 299 1282 hanc
318 1217 468 1281 arborem
487 1216 634 1299 surculis,
659 1217 714 1300 qui
733 1216 837 1282 adhuc
855 1217 998 1281 fructum
1017 1237 1084 1281 non

74 1302 272 1381 adtulerunt,
294 1306 415 1370 inseres
440 1310 481 1389 et,
504 1309 542 1368 ut
565 1306 700 1387 adserit,
723 1328 762 1370 ex
785 1306 836 1369 his
861 1305 929 1369 sine
954 1305 1082 1369 ossibus

74 1414 173 1476 poma
193 1399 374 1459 nascentur.
412 1394 440 1458 si
460 1416 589 1458 cerasus
609 1397 765 1478 concepto
785 1416 896 1459 umore
915 1392 1084 1478 putrescit,

75 1481 109 1545 in
131 1485 248 1547 trunco
271 1483 418 1548 foramen
442 1483 589 1567 accipiat,
613 1505 677 1566 quo
700 1483 807 1567 possit
831 1483 930 1549 educi
968 1484 996 1546 si
1019 1481 1083 1546 for·
1106 1485 1126 1548 8

28 1593 62 1636 -5
74 1569 176 1635 micas
194 1571 327 1655 patitur,
346 1593 459 1636 sucum
473 1573 661 1655 portulacae
676 1571 808 1637 debebis
822 1570 990 1637 infundere
1010 1592 1084 1637 cum

76 1658 160 1724 aceti
178 1660 284 1725 media
302 1665 395 1745 parte
413 1659 611 1745 permixtum
629 1661 682 1725 uel
701 1662 771 1726 uini
789 1661 913 1728 fecibus
932 1665 1084 1726 truncum

76 1748 203 1813 arboris
226 1749 373 1815 florentis
397 1749 547 1814 adlinere.
590 1751 617 1815 si
641 1755 734 1816 aestu
758 1751 988 1816 canicularium
1010 1749 1084 1814 fati·

76 1840 183 1922 gatur,
206 1839 307 1903 trium
330 1837 471 1903 fontium
495 1838 641 1924 singulos
665 1841 823 1905 sextarios
842 1843 990 1924 sumptos
1009 1843 1084 1922 post

77 1924 157 1990 solis
179 1948 330 1992 occasum
353 1927 516 1993 radicibus
540 1929 667 1993 arboris
688 1929 856 1994 iubeamus
875 1929 1008 1992 influere
1028 1928 1084 2011 sic,

28 2035 116 2080 sone
145 2015 322 2080 remedium
351 2016 428 2081 luna
455 2016 682 2100 deprehendat.
728 2018 782 2082 nel
804 2017 939 2081 herbam
963 2015 1085 2100 symfo-

74 2103 203 2168 niaoam
223 2103 309 2170 circa
327 2105 454 2170 arboris
470 2109 622 2170 truncum
636 2105 860 2188 torquebimns
878 2105 913 2169 in
932 2126 1084 2168 coronam

75 2191 130 2256 nel
148 2215 245 2258 crea
262 2194 353 2259 iuxta
372 2195 474 2258 imum
493 2194 637 2258 codicem
657 2194 762 2258 cubile
781 2192 945 2258 faciemus.
974 2213 1085 2257 cerasa

74 2303 143 2346 non
171 2280 267 2346 aliter
294 2304 391 2367 quam
415 2283 448 2346 in
474 2284 667 2366 soleasque
691 2283 730 2346 ad
754 2304 852 2367 rugas
877 2282 998 2346 siccata
1021 2303 1084 2346 ser-

76 2372 205 2434 uantur.
242 2393 352 2438 mense
376 2372 503 2437 octobri
526 2370 628 2456 aliqui
652 2371 729 2435 mali
751 2372 900 2435 arborem
919 2370 1031 2435 calidis
1051 2375 1085 2436 et
1108 2373 1128 2435 9

38 2484 63 2525 25
77 2458 173 2524 siccis
200 2460 389 2544 regionibus
413 2464 540 2544 ponunt
563 2465 596 2525 et
620 2460 763 2544 cydonea
785 2460 870 2524 circa
892 2461 1084 2527 nouembres

77 2546 226 2613 calendas
256 2553 290 2613 et
317 2550 451 2615 sorbum
478 2550 530 2614 nel
558 2550 730 2634 amygdala
756 2549 791 2613 in
819 2549 1001 2615 seminariis
1030 2552 1084 2615 ob-

149 2691 164 2738 2
187 2687 347 2758 longiorai
371 2690 375 2760 1
399 2687 515 2758 putrida
537 2688 584 2741 nel
608 2687 682 2742 sicca
700 2688 731 2741 E
751 2690 760 2758 11
790 2694 807 2741 4
832 2691 941 2742 arescat
958 2689 989 2742 E
1016 2693 1020 2757 1
1054 2687 1084 2742 in

71 2773 126 2826 pro
153 2757 219 2812 inde
243 2760 270 2814 L
291 2762 306 2829 11
333 2764 349 2812 5
373 2758 463 2813 cerasi
485 2761 535 2813 aut
557 2760 627 2828 PL,
651 2759 745 2814 Gerasi
767 2761 842 2829 (ras.)
865 2760 898 2812 ut
919 2761 951 2829 V,
978 2759 1084 2814 cerasia

74 2830 108 2882 ut
122 2827 196 2898 SFl
213 2847 278 2884 ossa
293 2831 320 2886 G
335 2832 339 2902 1
355 2829 398 2884 ita
416 2829 477 2884 fieri
490 2847 531 2899 ps
546 2832 550 2901 1
566 2830 609 2885 ita
626 2832 679 2886 hoc
697 2832 778 2901 Ε117
797 2829 871 2884 ferro
889 2848 939 2885 om.
955 2832 1035 2900 Ε118
1054 2830 1084 2884 in

75 2916 106 2954 se
124 2899 232 2955 inseris.
260 2900 321 2956 inse
339 2903 371 2956 E
384 2904 389 2972 1
404 2900 435 2956 in
454 2918 483 2956 se
501 2917 551 2956 cm.
568 2919 591 2971 p
608 2904 647 2972 119
666 2901 781 2983 stringis
800 2904 829 2956 et
847 2901 949 2956 oblinis
968 2901 1081 2972 omues!

75 2972 105 3025 et
124 2978 187 3026 cate
206 2989 343 3026 summam
362 2989 412 3027 oca.
432 2973 464 3042 V,
482 2973 545 3027 incl.
564 2975 648 3044 81112
667 2972 766 3027 insems
785 2972 1019 3028 PLGSETFo
1035 2972 1039 3043 1
1056 2975 1085 3026 ct

75 3045 109 3096 ut
127 3042 234 3098 adserit
252 3061 302 3098 om.
319 3047 363 3114 pfl
378 3049 410 3097 18
431 3046 591 3113 contempto
604 3045 632 3099 L
645 3046 654 3114 11
670 3050 701 3098 17
722 3043 841 3098 adlinire
857 3043 1083 3123 GETV¹oopa

75 3112 173 3168 adline
191 3117 203 3168 i
218 3117 222 3184 1
239 3113 436 3169 Caniculamm
453 3115 581 3185 Eiacpa
603 3116 613 3184 11
639 3121 672 3169 18
690 3115 832 3170 frondium
850 3115 881 3169 Ε
900 3117 910 3184 11
931 3119 964 3167 19
982 3114 1084 3168 radici-

72 3184 128 3238 bus
147 3184 287 3254 infundes,
306 3186 355 3240 sed
374 3203 409 3240 ne
425 3203 446 3255 p
463 3188 466 3255 1
488 3185 709 3241 arboris-luna
727 3204 776 3242 om.
792 3188 822 3241 Ε
843 3189 852 3256 11
875 3191 910 3239 20
930 3185 1084 3255 apprehen-

74 3255 134 3310 dat.
163 3256 286 3311 Herbam
303 3274 324 3326 p
339 3258 344 3327 1
360 3255 582 3327 simphoniacam
600 3257 657 3311 SE
662 3258 710 3327 Ti,
734 3255 963 3328 symphoniacam
981 3256 1084 3384 (109εᾶ

71 3332 109 3380 22
128 3327 355 3382 uel—faoiemns
374 3344 423 3383 om.
439 3346 462 3398 p
477 3330 481 3399 1
498 3326 573 3381 iusta
585 3329 635 3400 ΕΙ
652 3329 784 3384 corticem
802 3330 846 3398 Vl
863 3326 976 3381 (terasia
991 3328 1053 3382 PV

72 3397 131 3453 SE
137 3399 201 3467 ΤΕ,
220 3398 341 3454 Cerasea
358 3400 385 3454 L
407 3402 416 3468 11
440 3404 473 3453 23
492 3415 580 3467 usque
599 3400 636 3454 ad
654 3417 739 3471 rugas
758 3418 807 3455 om.
824 3417 846 3469 p
868 3401 877 3469 11
900 3404 934 3452 25
958 3400 1084 3468 cydonea

71 3470 101 3525 L
110 3469 160 3538 Vr,
171 3469 290 3524 eidonea
299 3469 386 3525 PSE
391 3471 422 3539 Τ,
433 3469 554 3540 cydonia
563 3470 594 3525 F
598 3471 640 3528 aa·
645 3489 721 3544 urps
734 3475 747 3543 11
758 3478 791 3526 26
808 3469 951 3541 amigdala
961 3471 1044 3526 Pac
1053 3472 1089 3536 T,

73 3542 103 3594 et
120 3540 278 3610 amigdalas
292 3542 333 3611 Ε,
354 3542 523 3614 amygdolas
542 3544 554 3600 i
