2370 3832
97 130 141 194 40
516 127 685 182 PALLADII

48 275 88 339 11
168 273 278 340 Mures
309 274 465 353 rusticos,
501 274 529 338 si
563 295 684 358 querno
717 273 822 338 cinere
854 273 961 339 aditus
993 295 1104 339 eorum

101 369 236 449 saturas,
250 363 382 428 adtactu
399 362 560 446 frequenti
581 361 706 427 scabies
721 363 892 446 occupabit
907 384 945 427 ao
958 363 1105 446 perimet

168 451 340 537 Serpentes
365 473 466 536 prope
490 451 578 515 omni
602 451 792 516 austeritate
815 451 973 552 fugantur
994 455 1029 516 et
1050 474 1105 517 no

101 545 209 607 centes
239 541 373 626 spiritus
395 541 581 606 innocentia
603 540 684 605 fumi
707 538 925 626 graueolentis
949 539 1103 626 exaptat

99 652 232 695 uramus
256 630 431 716 galbanum
453 629 506 694 uel
530 629 617 694 cerui
641 650 775 713 cornua,
803 628 926 693 radices
953 628 1029 713 lilii,
1056 651 1105 695 oa
1130 651 1143 692 ι

100 741 177 803 prae
200 719 347 804 ungulas.
383 718 446 783 hoc
465 739 581 804 genere
600 723 748 782 monstra
765 718 863 781 noxia
880 715 1104 801 prohibentur.

49 809 90 873 12
168 807 286 891 Opinio
314 805 511 872 Graecorum
542 811 605 889 est,
638 806 666 870 si
697 806 799 870 nubes
831 805 937 871 locust
923 812 1032 871 tarum
1058 828 1106 872 re-

99 900 195 981 pente
219 895 407 982 surrexerit,
431 896 479 960 lat
465 899 535 960 tten
521 896 610 959 tibus
633 894 718 959 infra
741 899 830 960 tecta
853 894 979 960 cunctis
1001 895 1106 960 homi-

98 985 194 1050 nibus
214 1007 284 1050 eam
302 1007 398 1070 posse
417 985 572 1050 transire:
592 984 676 1068 quod
696 983 724 1047 si
742 983 990 1049 inobseruantes
1004 983 1108 1049 homi-

98 1096 155 1138 nes
184 1075 244 1139 sub
273 1097 346 1140 aere
374 1073 628 1158 deprehendant,
659 1073 784 1137 nullum
816 1071 959 1137 fructum
986 1073 1108 1158 noceri,
1121 1097 1147 1138 ro

101 1163 129 1228 si
156 1164 310 1229 continuo
339 1184 449 1228 omnes
477 1162 518 1227 ad
545 1167 633 1228 tecta
660 1161 858 1246 confugiant.
899 1161 978 1245 palli
1006 1162 1108 1226 etiam

100 1252 252 1318 dicuntur
284 1252 386 1317 amari
416 1252 520 1337 lupini
551 1253 604 1316 uel
639 1250 778 1336 agrestis
811 1251 990 1315 cucumeris
1023 1272 1109 1336 aqua

100 1343 246 1424 decocta,
273 1343 302 1408 si
329 1340 453 1406 muriae
477 1341 579 1405 mixta
602 1339 765 1405 frmdatur.
807 1338 982 1404 aestimant
1005 1339 1109 1424 aliqui

99 1430 243 1495 locustas
270 1430 323 1494 uel
351 1429 494 1513 scorpios
521 1429 630 1515 fugari
657 1449 766 1513 posse,
799 1428 827 1492 si
858 1427 958 1511 aliqui
988 1449 1028 1492 ex
1054 1428 1108 1493 his

100 1523 237 1582 urantur
259 1518 294 1581 in
317 1518 431 1582 medio.
1123 1540 1148 1582 15

48 1609 91 1672 13
167 1605 307 1689 (lampas
334 1605 482 1670 nonnulli
506 1606 643 1671 ficulneo
668 1605 772 1669 cinere
795 1609 1046 1690 persequuntur:
1079 1606 1108 1670 si

101 1695 373 1780 permanserint,
363 1696 457 1757 urina
474 1695 598 1758 bubula
616 1697 649 1757 et
666 1715 797 1759 amurca
811 1694 990 1794 aequaliter
1004 1693 1109 1759 mixta

101 1783 365 1848 conferueantet
351 1781 454 1865 t,ubi
472 1781 665 1864 refrixerint,
689 1783 776 1846 olera
796 1783 905 1847 omnia
922 1782 984 1847 hoe
1002 1784 1108 1849 imbre

101 1892 286 1957 consperge.
322 1870 545 1954 prasocoridas
566 1829 680 1936 Graedi
703 1876 821 1936 uocant
840 1871 1000 1955 animalia,
1023 1894 1108 1956 quae

101 1961 208 2026 solent
225 1959 331 2025 hortis
349 1981 473 2024 nocere.
506 1981 583 2045 ergo
597 1959 813 2024 uentriculum
827 1960 974 2025 ueruecis
992 1962 1108 2025 statim
1122 1988 1150 2026 ao

102 2050 202 2116 occisi
232 2049 363 2134 plenum
396 2047 545 2113 sordibus
573 2049 654 2132 suis,
686 2049 806 2132 spatio,
839 2071 903 2133 quo
931 2050 1108 2133 abundant,

101 2139 217 2206 leuiter
240 2139 372 2204 debebis
396 2139 530 2222 operire.
566 2142 643 2222 post
663 2137 797 2202 biduum
816 2137 956 2222 reperies
975 2137 1022 2203 ibi
1041 2140 1109 2203 ani-

102 2230 200 2295 malia
227 2230 299 2314 ipsa
322 2231 486 2315 congesta.
526 2228 589 2292 hoe
612 2249 686 2292 cum
709 2226 760 2291 bis
783 2226 836 2291 uel
859 2227 958 2292 tertio
981 2226 1109 2312 feceris,

102 2338 203 2402 genus
226 2340 334 2403 omne,
358 2318 443 2402 quod
465 2317 616 2400 nocebat,
640 2316 819 2401 extinguas.

51 2406 93 2472 14
169 2405 326 2470 Grandini
350 2405 451 2471 credit
437 2412 491 2471 tur
510 2405 652 2488 obuiare,
675 2403 703 2468 si
722 2405 794 2486 quis
815 2403 968 2469 crocodili
988 2405 1108 2487 pellem
1123 2431 1149 2470 a

173 2559 339 2629 lquercino
366 2561 416 2630 V’,
444 2578 565 2629 querneo
592 2579 628 2632 pc
654 2563 663 2631 11
690 2566 706 2613 2
731 2560 831 2614 adtatu
861 2560 897 2630 Q
927 2577 944 2613 a
968 2562 1048 2614 tactu
1071 2561 1107 2630 F,

102 2634 198 2686 atactu
216 2632 257 2699 Ε,
280 2634 361 2684 tactu
379 2633 406 2685 V
425 2649 486 2686 cam
509 2635 609 2687 laciaco
632 2649 710 2687 nasa
735 2635 739 2700 1
765 2630 928 2712 manicat),
953 2647 1038 2685 canus
1058 2633 1107 2701 V¹,

101 2674 295 2843 glutiat}
308 2701 1004 2857 tlttttflnlulttttuftttttlt
1020 2719 1110 2843 att

100 2848 225 2900 monstra
239 2844 299 2916 V²ll
309 2850 324 2898 8
335 2843 455 2898 surrexit
466 2844 497 2913 11
512 2844 705 2899 surrexerint'
694 2862 786 2926 cacos
797 2846 811 2925 1
813 2843 889 2897 intra
898 2844 1004 2926 α93119
1014 2845 1109 2899 obser-

100 2920 201 2971 nantes
211 2916 267 2971 SE
273 2915 283 2989 11
298 2921 330 2969 10
344 2914 416 2968 nulli
429 2914 569 2968 fructuum
579 2915 738 3039 ccpcpwla
730 2914 849 2968 marine
859 2917 923 2984 (pro
933 2915 1040 2996 muriae
1041 2917 1092 2985 >F
1041 2916 1105 2987 11

101 2987 272 3043 Existimant
291 2990 390 3057 copel!
406 2993 439 3040 14
456 2986 580 3040 lucustas
600 2988 646 3056 L}
693 2985 787 3056 gerari
805 2986 832 3038 L
848 2987 851 3055 1
868 3002 902 3039 ex
925 2985 965 3040 eis
988 2988 1041 3041 iac
1045 2987 1110 3060 9311

102 3066 135 3113 16
154 3061 336 3129 persecuntur
356 3057 488 3129 owe,
506 3060 689 3126 prosecuntur
707 3058 738 3110 E
749 3059 810 3179 11118
830 3073 892 3109 oum
910 3057 1040 3112 ferueant
1045 3006 1084 3112 9V
1102 3059 1105 3130 1

101 3130 334 3201 refugerint,
280 3130 310 3183 E
317 3129 326 3160 ²
352 3148 372 3182 u
391 3130 421 3183 E
427 3128 438 3159 ²
455 3144 541 3197 supra
560 3129 564 3199 1
585 3128 631 3182 uel
648 3145 734 3218 supra
753 3126 830 3181 olera
848 3128 874 3180 V
893 3131 902 3198 11
926 3134 958 3182 19
979 3145 1110 3198 consper-

101 3217 166 3270 gere
185 3203 230 3255 Ee'
255 3202 259 3272 1
288 3173 472 3255 Rasoooridas
491 3199 527 3266 F,
550 3196 783 3280 προσοκορίδας
771 3217 817 3267 aa,
841 3199 1109 3281 πρασοκούριὸαςσ,

101 3270 325 3339 πρασοκουρίὸας
342 3289 378 3343 ge
400 3273 409 3341 11
432 3276 466 3323 20
488 3241 645 3324 uebtriculo
664 3270 694 3322 E
707 3272 722 3393 tl
747 3243 844 3323 statim
866 3269 992 3324 ueruecis
1012 3271 1109 3340 VTF,

102 3341 199 3394 statim
208 3359 338 3396 uerueces
348 3343 383 3411 L
399 3340 496 3395 statim
505 3342 631 3396 uerbecis
643 3341 705 3410 (ἦε
707 3339 790 3394 tatim
800 3358 849 3395 om
864 3341 887 3411 11
900 3343 909 3410 11
923 3347 955 3394 21
967 3341 1050 3410 pleno
1061 3315 1109 3414 Ε1

102 3411 225 3492 spatium
243 3414 294 3482 Ε11
313 3419 346 3466 22
366 3387 450 3466 debes
469 3412 520 3481 Ε11
538 3419 571 3466 23
590 3413 620 3483 ip
622 3429 653 3466 sa
672 3428 721 3466 om
733 3414 775 3481 p}
796 3414 826 3465 et
842 3411 986 3492 tertiopl!
1006 3419 1041 3465 24
1059 3430 1108 3467 no-

103 3481 178 3537 cebit
189 3483 295 3552 Gacyc
305 3483 310 3554 1
324 3483 464 3553 extinguis
474 3432 647 3554 LQVSTG
653 3482 738 3551 FEp
747 3483 757 3555 11
766 3488 799 3537 25
810 3481 953 3537 crocodilli
965 3483 1045 3553 QVS
1051 3485 1111 3538 ΤΕ

361 3740 500 3778 Α
