<?xml version="1.0" encoding="UTF-8"?>
<!DOCTYPE html PUBLIC "-//W3C//DTD XHTML 1.0 Transitional//EN"
    "http://www.w3.org/TR/xhtml1/DTD/xhtml1-transitional.dtd">
<html xmlns="http://www.w3.org/1999/xhtml" xml:lang="en" lang="en">
 <head>
  <title>
</title>
<meta http-equiv="Content-Type" content="text/html;charset=utf-8" />
  <meta name='ocr-system' content='tesseract 3.04.00' />
  <meta name='ocr-capabilities' content='ocr_page ocr_carea ocr_par ocr_line ocrx_word'/>
</head>
<body>
  <div class='ocr_page' id='page_1' title='image "./palladiirutilii00pallgoog_0283.png"; bbox 0 0 2378 3832; ppageno 0'>
   <div class='ocr_carea' id='block_1_1' title="bbox 98 154 696 221">
    <p class='ocr_par' dir='ltr' id='par_1_1' title="bbox 98 154 696 221">
     <span class='ocr_line' id='line_1_1' title="bbox 98 154 696 221; baseline 0.007 -18"><span class='ocrx_word' id='word_1_1' title='bbox 98 156 172 221; x_wconf 83' lang='grc'>,264</span> <span class='ocrx_word' id='word_1_2' title='bbox 526 154 696 209; x_wconf 76' lang='lat' dir='ltr'><strong><em>PALLADE</em></strong></span> 
     </span>
    </p>
   </div>
   <div class='ocr_carea' id='block_1_2' title="bbox 53 300 987 565">
    <p class='ocr_par' dir='ltr' id='par_1_2' title="bbox 53 300 987 565">
     <span class='ocr_line' id='line_1_2' title="bbox 193 300 929 386; baseline 0.001 -21"><span class='ocrx_word' id='word_1_3' title='bbox 193 300 274 366; x_wconf 89' lang='lat' dir='ltr'>uitis</span> <span class='ocrx_word' id='word_1_4' title='bbox 299 305 333 365; x_wconf 93' lang='lat' dir='ltr'>et</span> <span class='ocrx_word' id='word_1_5' title='bbox 356 301 541 385; x_wconf 86' lang='lat' dir='ltr'>amplexum</span> <span class='ocrx_word' id='word_1_6' title='bbox 564 300 670 385; x_wconf 86' lang='lat' dir='ltr'>pascit</span> <span class='ocrx_word' id='word_1_7' title='bbox 693 301 804 365; x_wconf 86' lang='lat' dir='ltr'>adulta</span> <span class='ocrx_word' id='word_1_8' title='bbox 827 322 929 386; x_wconf 82' lang='lat' dir='ltr'>genus</span> 
     </span>
     <span class='ocr_line' id='line_1_3' title="bbox 151 389 987 476; baseline -0.001 -21"><span class='ocrx_word' id='word_1_9' title='bbox 151 390 383 476; x_wconf 83' lang='lat' dir='ltr'>degenerisque</span> <span class='ocrx_word' id='word_1_10' title='bbox 408 412 518 456; x_wconf 89' lang='lat' dir='ltr'>comae</span> <span class='ocrx_word' id='word_1_11' title='bbox 541 389 682 475; x_wconf 81' lang='lat' dir='ltr'>uestigia</span> <span class='ocrx_word' id='word_1_12' title='bbox 706 389 795 454; x_wconf 89' lang='lat' dir='ltr'>mitis</span> <span class='ocrx_word' id='word_1_13' title='bbox 818 389 987 455; x_wconf 78' lang='lat' dir='ltr'>inumbrat</span> 
     </span>
     <span class='ocr_line' id='line_1_4' title="bbox 53 478 935 565; baseline -0.006 -18"><span class='ocrx_word' id='word_1_14' title='bbox 53 482 97 547; x_wconf 83' lang='lat'>50</span> <span class='ocrx_word' id='word_1_15' title='bbox 195 478 370 565; x_wconf 80' lang='lat' dir='ltr'><strong>pampinus</strong></span> <span class='ocrx_word' id='word_1_16' title='bbox 393 482 427 544; x_wconf 89' lang='lat' dir='ltr'>et</span> <span class='ocrx_word' id='word_1_17' title='bbox 449 479 565 565; x_wconf 83' lang='lat' dir='ltr'>pingui</span> <span class='ocrx_word' id='word_1_18' title='bbox 588 483 703 544; x_wconf 88' lang='lat' dir='ltr'>curuat</span> <span class='ocrx_word' id='word_1_19' title='bbox 727 483 844 544; x_wconf 82' lang='lat' dir='ltr'>onusta</span> <span class='ocrx_word' id='word_1_20' title='bbox 865 481 935 545; x_wconf 93' lang='lat' dir='ltr'>deo.</span> 
     </span>
    </p>
   </div>
   <div class='ocr_carea' id='block_1_3' title="bbox 497 673 726 742">
    <p class='ocr_par' dir='ltr' id='par_1_3' title="bbox 497 673 726 742">
     <span class='ocr_line' id='line_1_5' title="bbox 497 673 726 742; baseline 0.017 -4"><span class='ocrx_word' id='word_1_21' title='bbox 497 674 556 739; x_wconf 81' lang='lat' dir='ltr'>DE</span> <span class='ocrx_word' id='word_1_22' title='bbox 581 673 726 742; x_wconf 83' lang='lat' dir='ltr'><strong>OLIVA.</strong></span> 
     </span>
    </p>
   </div>
   <div class='ocr_carea' id='block_1_4' title="bbox 150 799 1167 1151">
    <p class='ocr_par' dir='ltr' id='par_1_4' title="bbox 150 799 1167 973">
     <span class='ocr_line' id='line_1_6' title="bbox 150 799 1167 880; baseline 0.001 -15"><span class='ocrx_word' id='word_1_23' title='bbox 150 799 284 865; x_wconf 82' lang='lat' dir='ltr'>Robora</span> <span class='ocrx_word' id='word_1_24' title='bbox 306 799 446 865; x_wconf 83' lang='lat' dir='ltr'>Palladii</span> <span class='ocrx_word' id='word_1_25' title='bbox 470 800 624 865; x_wconf 89' lang='lat' dir='ltr'>decorant</span> <span class='ocrx_word' id='word_1_26' title='bbox 647 800 812 865; x_wconf 86' lang='lat' dir='ltr'>siluestria</span> <span class='ocrx_word' id='word_1_27' title='bbox 835 800 927 880; x_wconf 87' lang='lat' dir='ltr'>rami,</span> <span class='ocrx_word' id='word_1_28' title='bbox 1152 827 1167 866; x_wconf 81' lang='lat'><strong>5</strong></span> 
     </span>
     <span class='ocr_line' id='line_1_7' title="bbox 195 888 872 973; baseline 0.003 -20"><span class='ocrx_word' id='word_1_29' title='bbox 195 889 350 954; x_wconf 89' lang='lat' dir='ltr'>nobilitat</span> <span class='ocrx_word' id='word_1_30' title='bbox 373 892 486 973; x_wconf 89' lang='lat' dir='ltr'>partus</span> <span class='ocrx_word' id='word_1_31' title='bbox 509 890 590 954; x_wconf 82' lang='lat' dir='ltr'>baca</span> <span class='ocrx_word' id='word_1_32' title='bbox 614 889 753 972; x_wconf 88' lang='lat' dir='ltr'>superba</span> <span class='ocrx_word' id='word_1_33' title='bbox 775 888 872 972; x_wconf 86' lang='lat' dir='ltr'>feros,</span> 
     </span>
    </p>

    <p class='ocr_par' dir='ltr' id='par_1_5' title="bbox 153 977 939 1151">
     <span class='ocr_line' id='line_1_8' title="bbox 153 977 903 1063; baseline -0.001 -21"><span class='ocrx_word' id='word_1_34' title='bbox 153 978 306 1044; x_wconf 88' lang='lat' dir='ltr'>fecundat</span> <span class='ocrx_word' id='word_1_35' title='bbox 329 977 449 1043; x_wconf 88' lang='lat' dir='ltr'>sterilis</span> <span class='ocrx_word' id='word_1_36' title='bbox 473 978 610 1063; x_wconf 84' lang='lat' dir='ltr'>pingues</span> <span class='ocrx_word' id='word_1_37' title='bbox 635 978 776 1043; x_wconf 72' lang='lat' dir='ltr'>oleaster</span> <span class='ocrx_word' id='word_1_38' title='bbox 799 977 903 1042; x_wconf 86' lang='lat' dir='ltr'>oliuas</span> 
     </span>
     <span class='ocr_line' id='line_1_9' title="bbox 196 1066 939 1151; baseline -0.003 -18"><span class='ocrx_word' id='word_1_39' title='bbox 196 1072 229 1133; x_wconf 89' lang='lat' dir='ltr'>et</span> <span class='ocrx_word' id='word_1_40' title='bbox 253 1089 335 1151; x_wconf 89' lang='lat' dir='ltr'>quae</span> <span class='ocrx_word' id='word_1_41' title='bbox 357 1090 424 1132; x_wconf 92' lang='lat' dir='ltr'>non</span> <span class='ocrx_word' id='word_1_42' title='bbox 446 1067 540 1131; x_wconf 93' lang='lat' dir='ltr'>nouit</span> <span class='ocrx_word' id='word_1_43' title='bbox 562 1089 705 1151; x_wconf 87' lang='lat' dir='ltr'>munera,</span> <span class='ocrx_word' id='word_1_44' title='bbox 728 1066 813 1131; x_wconf 89' lang='lat' dir='ltr'>ferre</span> <span class='ocrx_word' id='word_1_45' title='bbox 836 1068 939 1131; x_wconf 89' lang='lat' dir='ltr'>docet.</span> 
     </span>
    </p>
   </div>
   <div class='ocr_carea' id='block_1_5' title="bbox 516 1261 712 1328">
    <p class='ocr_par' dir='ltr' id='par_1_6' title="bbox 516 1261 712 1328">
     <span class='ocr_line' id='line_1_10' title="bbox 516 1261 712 1328; baseline 0 -2"><span class='ocrx_word' id='word_1_46' title='bbox 516 1262 574 1327; x_wconf 85' lang='lat' dir='ltr'>DE</span> <span class='ocrx_word' id='word_1_47' title='bbox 599 1261 712 1328; x_wconf 84' lang='lat' dir='ltr'>PIRO.</span> 
     </span>
    </p>
   </div>
   <div class='ocr_carea' id='block_1_6' title="bbox 52 1386 1166 2982">
    <p class='ocr_par' dir='ltr' id='par_1_7' title="bbox 52 1386 1166 2982">
     <span class='ocr_line' id='line_1_11' title="bbox 52 1386 1166 1472; baseline 0.001 -20"><span class='ocrx_word' id='word_1_48' title='bbox 52 1387 97 1454; x_wconf 81' lang='lat'>55</span> <span class='ocrx_word' id='word_1_49' title='bbox 153 1386 305 1453; x_wconf 86' lang='lat' dir='ltr'>Germine</span> <span class='ocrx_word' id='word_1_50' title='bbox 330 1410 409 1452; x_wconf 88' lang='lat' dir='ltr'>cana</span> <span class='ocrx_word' id='word_1_51' title='bbox 432 1387 522 1472; x_wconf 88' lang='lat' dir='ltr'>prius</span> <span class='ocrx_word' id='word_1_52' title='bbox 546 1387 659 1451; x_wconf 89' lang='lat' dir='ltr'>niueos</span> <span class='ocrx_word' id='word_1_53' title='bbox 682 1386 769 1451; x_wconf 88' lang='lat' dir='ltr'>haud</span> <span class='ocrx_word' id='word_1_54' title='bbox 792 1387 903 1451; x_wconf 86' lang='lat' dir='ltr'>inuida</span> <span class='ocrx_word' id='word_1_55' title='bbox 925 1387 1023 1452; x_wconf 89' lang='lat' dir='ltr'>flores</span> <span class='ocrx_word' id='word_1_56' title='bbox 1137 1413 1166 1453; x_wconf 84' lang='lat' dir='ltr'>ro</span> 
     </span>
     <span class='ocr_line' id='line_1_12' title="bbox 197 1475 993 1542; baseline -0.003 0"><span class='ocrx_word' id='word_1_57' title='bbox 197 1476 382 1542; x_wconf 89' lang='lat' dir='ltr'>commodat</span> <span class='ocrx_word' id='word_1_58' title='bbox 405 1481 438 1542; x_wconf 89' lang='lat' dir='ltr'>et</span> <span class='ocrx_word' id='word_1_59' title='bbox 461 1476 589 1541; x_wconf 88' lang='lat' dir='ltr'>uarium</span> <span class='ocrx_word' id='word_1_60' title='bbox 610 1475 714 1541; x_wconf 91' lang='lat' dir='ltr'>nectit</span> <span class='ocrx_word' id='word_1_61' title='bbox 737 1497 846 1541; x_wconf 88' lang='lat' dir='ltr'>amore</span> <span class='ocrx_word' id='word_1_62' title='bbox 868 1497 993 1540; x_wconf 89' lang='lat' dir='ltr'>nemus.</span> 
     </span>
     <span class='ocr_line' id='line_1_13' title="bbox 151 1565 995 1649; baseline -0.001 -19"><span class='ocrx_word' id='word_1_63' title='bbox 151 1588 237 1631; x_wconf 89' lang='lat' dir='ltr'>nune</span> <span class='ocrx_word' id='word_1_64' title='bbox 260 1565 347 1649; x_wconf 90' lang='lat' dir='ltr'>rapit</span> <span class='ocrx_word' id='word_1_65' title='bbox 369 1565 505 1630; x_wconf 73' lang='lat' dir='ltr'>hirsutis</span> <span class='ocrx_word' id='word_1_66' title='bbox 529 1565 691 1630; x_wconf 90' lang='lat' dir='ltr'>horrenda</span> <span class='ocrx_word' id='word_1_67' title='bbox 713 1565 879 1629; x_wconf 86' lang='lat' dir='ltr'>sororibus</span> <span class='ocrx_word' id='word_1_68' title='bbox 903 1586 995 1629; x_wconf 86' lang='lat' dir='ltr'>arma</span> 
     </span>
     <span class='ocr_line' id='line_1_14' title="bbox 197 1652 900 1738; baseline -0.003 -19"><span class='ocrx_word' id='word_1_69' title='bbox 197 1660 231 1719; x_wconf 91' lang='lat' dir='ltr'>et</span> <span class='ocrx_word' id='word_1_70' title='bbox 254 1655 348 1719; x_wconf 91' lang='lat' dir='ltr'>docet</span> <span class='ocrx_word' id='word_1_71' title='bbox 371 1652 547 1719; x_wconf 89' lang='lat' dir='ltr'>indomitas</span> <span class='ocrx_word' id='word_1_72' title='bbox 570 1675 690 1738; x_wconf 87' lang='lat' dir='ltr'>ponere</span> <span class='ocrx_word' id='word_1_73' title='bbox 714 1655 779 1718; x_wconf 88' lang='lat' dir='ltr'>tela</span> <span class='ocrx_word' id='word_1_74' title='bbox 802 1654 900 1737; x_wconf 85' lang='lat' dir='ltr'>piros.</span> 
     </span>
     <span class='ocr_line' id='line_1_15' title="bbox 151 1742 1026 1828; baseline 0 -22"><span class='ocrx_word' id='word_1_75' title='bbox 151 1764 238 1808; x_wconf 89' lang='lat' dir='ltr'>nuno</span> <span class='ocrx_word' id='word_1_76' title='bbox 261 1747 399 1808; x_wconf 88' lang='lat' dir='ltr'>teretem</span> <span class='ocrx_word' id='word_1_77' title='bbox 421 1743 537 1828; x_wconf 84' lang='lat' dir='ltr'>pingui</span> <span class='ocrx_word' id='word_1_78' title='bbox 559 1743 709 1827; x_wconf 79' lang='lat' dir='ltr'>producit</span> <span class='ocrx_word' id='word_1_79' title='bbox 732 1743 879 1808; x_wconf 89' lang='lat' dir='ltr'>acumine</span> <span class='ocrx_word' id='word_1_80' title='bbox 902 1742 1026 1807; x_wconf 91' lang='lat' dir='ltr'>malum</span> 
     </span>
     <span class='ocr_line' id='line_1_16' title="bbox 54 1830 1164 1916; baseline 0.002 -20"><span class='ocrx_word' id='word_1_81' title='bbox 54 1832 98 1896; x_wconf 78' lang='lat'>60</span> <span class='ocrx_word' id='word_1_82' title='bbox 196 1830 423 1916; x_wconf 79' lang='lat' dir='ltr'>fraxineasque</span> <span class='ocrx_word' id='word_1_83' title='bbox 445 1854 532 1897; x_wconf 90' lang='lat' dir='ltr'>nouo</span> <span class='ocrx_word' id='word_1_84' title='bbox 555 1832 657 1897; x_wconf 88' lang='lat' dir='ltr'>flectit</span> <span class='ocrx_word' id='word_1_85' title='bbox 680 1832 803 1898; x_wconf 90' lang='lat' dir='ltr'>honore</span> <span class='ocrx_word' id='word_1_86' title='bbox 826 1853 952 1896; x_wconf 87' lang='lat' dir='ltr'>manus.</span> <span class='ocrx_word' id='word_1_87' title='bbox 1136 1856 1164 1898; x_wconf 82' lang='lat'>15</span> 
     </span>
     <span class='ocr_line' id='line_1_17' title="bbox 150 1919 991 2006; baseline 0 -22"><span class='ocrx_word' id='word_1_88' title='bbox 150 1920 301 2004; x_wconf 85' lang='lat' dir='ltr'>phyllida</span> <span class='ocrx_word' id='word_1_89' title='bbox 323 1921 403 2004; x_wconf 92' lang='lat' dir='ltr'>quin</span> <span class='ocrx_word' id='word_1_90' title='bbox 425 1921 524 1986; x_wconf 89' lang='lat' dir='ltr'>etiam</span> <span class='ocrx_word' id='word_1_91' title='bbox 548 1920 664 2006; x_wconf 78' lang='lat' dir='ltr'>grandi</span> <span class='ocrx_word' id='word_1_92' title='bbox 687 1921 857 1985; x_wconf 87' lang='lat' dir='ltr'>mitescere</span> <span class='ocrx_word' id='word_1_93' title='bbox 880 1919 991 1986; x_wconf 87' lang='lat' dir='ltr'>fructu</span> 
     </span>
     <span class='ocr_line' id='line_1_18' title="bbox 196 2009 935 2094; baseline -0.001 -20"><span class='ocrx_word' id='word_1_94' title='bbox 196 2010 381 2094; x_wconf 84' lang='lat' dir='ltr'>instituens,</span> <span class='ocrx_word' id='word_1_95' title='bbox 405 2010 503 2075; x_wconf 87' lang='lat' dir='ltr'>durae</span> <span class='ocrx_word' id='word_1_96' title='bbox 528 2011 584 2074; x_wconf 89' lang='lat' dir='ltr'>dat</span> <span class='ocrx_word' id='word_1_97' title='bbox 607 2031 666 2073; x_wconf 90' lang='lat' dir='ltr'>sua</span> <span class='ocrx_word' id='word_1_98' title='bbox 689 2011 836 2074; x_wconf 83' lang='lat' dir='ltr'>membra</span> <span class='ocrx_word' id='word_1_99' title='bbox 859 2009 935 2073; x_wconf 89' lang='lat' dir='ltr'>cuti.</span> 
     </span>
     <span class='ocr_line' id='line_1_19' title="bbox 152 2096 975 2182; baseline -0.004 -18"><span class='ocrx_word' id='word_1_100' title='bbox 152 2102 186 2164; x_wconf 90' lang='lat' dir='ltr'>et</span> <span class='ocrx_word' id='word_1_101' title='bbox 209 2098 336 2165; x_wconf 90' lang='lat' dir='ltr'>steriles</span> <span class='ocrx_word' id='word_1_102' title='bbox 360 2099 471 2182; x_wconf 88' lang='lat' dir='ltr'>spinos</span> <span class='ocrx_word' id='word_1_103' title='bbox 496 2104 528 2163; x_wconf 93' lang='lat' dir='ltr'>et</span> <span class='ocrx_word' id='word_1_104' title='bbox 550 2099 688 2162; x_wconf 89' lang='lat' dir='ltr'>inertem</span> <span class='ocrx_word' id='word_1_105' title='bbox 712 2096 834 2163; x_wconf 88' lang='lat' dir='ltr'>fetibus</span> <span class='ocrx_word' id='word_1_106' title='bbox 859 2120 975 2163; x_wconf 92' lang='lat' dir='ltr'>ornum</span> 
     </span>
     <span class='ocr_line' id='line_1_20' title="bbox 197 2185 892 2273; baseline 0 -21"><span class='ocrx_word' id='word_1_107' title='bbox 197 2189 290 2253; x_wconf 86' lang='lat' dir='ltr'>dotat</span> <span class='ocrx_word' id='word_1_108' title='bbox 312 2192 345 2252; x_wconf 89' lang='lat' dir='ltr'>ct</span> <span class='ocrx_word' id='word_1_109' title='bbox 367 2187 518 2273; x_wconf 80' lang='lat' dir='ltr'>ignotum</span> <span class='ocrx_word' id='word_1_110' title='bbox 542 2185 631 2272; x_wconf 81' lang='lat' dir='ltr'>cogit</span> <span class='ocrx_word' id='word_1_111' title='bbox 654 2209 762 2252; x_wconf 86' lang='lat' dir='ltr'>amare</span> <span class='ocrx_word' id='word_1_112' title='bbox 786 2187 892 2252; x_wconf 89' lang='lat' dir='ltr'>decus.</span> 
     </span>
     <span class='ocr_line' id='line_1_21' title="bbox 56 2276 883 2360; baseline -0.001 -19"><span class='ocrx_word' id='word_1_113' title='bbox 56 2277 100 2342; x_wconf 84' lang='lat'>65</span> <span class='ocrx_word' id='word_1_114' title='bbox 153 2276 251 2341; x_wconf 88' lang='lat' dir='ltr'>huius</span> <span class='ocrx_word' id='word_1_115' title='bbox 275 2281 308 2340; x_wconf 90' lang='lat' dir='ltr'>et</span> <span class='ocrx_word' id='word_1_116' title='bbox 329 2276 459 2341; x_wconf 88' lang='lat' dir='ltr'>inmissi</span> <span class='ocrx_word' id='word_1_117' title='bbox 482 2281 608 2340; x_wconf 88' lang='lat' dir='ltr'>uertere</span> <span class='ocrx_word' id='word_1_118' title='bbox 632 2277 776 2360; x_wconf 88' lang='lat' dir='ltr'>cydonea</span> <span class='ocrx_word' id='word_1_119' title='bbox 799 2277 883 2340; x_wconf 91' lang='lat' dir='ltr'>rami</span> 
     </span>
     <span class='ocr_line' id='line_1_22' title="bbox 197 2364 931 2450; baseline -0.003 -20"><span class='ocrx_word' id='word_1_120' title='bbox 197 2387 358 2450; x_wconf 90' lang='lat' dir='ltr'>pomaque</span> <span class='ocrx_word' id='word_1_121' title='bbox 382 2365 535 2430; x_wconf 88' lang='lat' dir='ltr'>confusus</span> <span class='ocrx_word' id='word_1_122' title='bbox 555 2365 674 2429; x_wconf 89' lang='lat' dir='ltr'>blanda</span> <span class='ocrx_word' id='word_1_123' title='bbox 697 2364 820 2430; x_wconf 86' lang='lat' dir='ltr'>creauit</span> <span class='ocrx_word' id='word_1_124' title='bbox 844 2365 931 2430; x_wconf 73' lang='lat' dir='ltr'>odor,</span> 
     </span>
     <span class='ocr_line' id='line_1_23' title="bbox 154 2453 873 2538; baseline -0.003 -19"><span class='ocrx_word' id='word_1_125' title='bbox 154 2459 323 2520; x_wconf 84' lang='lat' dir='ltr'>castaneae</span> <span class='ocrx_word' id='word_1_126' title='bbox 347 2459 457 2538; x_wconf 87' lang='lat' dir='ltr'>septos</span> <span class='ocrx_word' id='word_1_127' title='bbox 482 2476 578 2537; x_wconf 89' lang='lat' dir='ltr'>aspro</span> <span class='ocrx_word' id='word_1_128' title='bbox 602 2453 763 2518; x_wconf 89' lang='lat' dir='ltr'>uelamine</span> <span class='ocrx_word' id='word_1_129' title='bbox 786 2453 873 2518; x_wconf 90' lang='lat' dir='ltr'>fetus</span> 
     </span>
     <span class='ocr_line' id='line_1_24' title="bbox 197 2543 889 2627; baseline 0.001 -20"><span class='ocrx_word' id='word_1_130' title='bbox 197 2544 287 2608; x_wconf 83' lang='lat' dir='ltr'>exuit</span> <span class='ocrx_word' id='word_1_131' title='bbox 311 2547 344 2607; x_wconf 91' lang='lat' dir='ltr'>et</span> <span class='ocrx_word' id='word_1_132' title='bbox 366 2543 494 2627; x_wconf 89' lang='lat' dir='ltr'>placido</span> <span class='ocrx_word' id='word_1_133' title='bbox 518 2543 659 2627; x_wconf 90' lang='lat' dir='ltr'>pondere</span> <span class='ocrx_word' id='word_1_134' title='bbox 678 2546 784 2607; x_wconf 88' lang='lat' dir='ltr'>mutat</span> <span class='ocrx_word' id='word_1_135' title='bbox 808 2563 889 2608; x_wconf 82' lang='lat' dir='ltr'>onus</span> 
     </span>
     <span class='ocr_line' id='line_1_25' title="bbox 153 2630 1076 2716; baseline -0.001 -20"><span class='ocrx_word' id='word_1_136' title='bbox 153 2632 353 2715; x_wconf 88' lang='lat' dir='ltr'>mespilaque</span> <span class='ocrx_word' id='word_1_137' title='bbox 373 2637 519 2696; x_wconf 84' lang='lat' dir='ltr'>exarmat</span> <span class='ocrx_word' id='word_1_138' title='bbox 536 2630 740 2716; x_wconf 85' lang='lat' dir='ltr'>pugnacibus</span> <span class='ocrx_word' id='word_1_139' title='bbox 762 2631 895 2696; x_wconf 88' lang='lat' dir='ltr'>horrida</span> <span class='ocrx_word' id='word_1_140' title='bbox 918 2631 1076 2696; x_wconf 87' lang='lat' dir='ltr'>membris</span> 
     </span>
     <span class='ocr_line' id='line_1_26' title="bbox 56 2719 1159 2805; baseline -0.003 -18"><span class='ocrx_word' id='word_1_141' title='bbox 56 2723 98 2787; x_wconf 76' lang='lat'>70</span> <span class='ocrx_word' id='word_1_142' title='bbox 198 2725 231 2785; x_wconf 94' lang='lat' dir='ltr'>et</span> <span class='ocrx_word' id='word_1_143' title='bbox 254 2722 341 2784; x_wconf 90' lang='lat' dir='ltr'>mala</span> <span class='ocrx_word' id='word_1_144' title='bbox 364 2720 541 2805; x_wconf 89' lang='lat' dir='ltr'>tranquillo</span> <span class='ocrx_word' id='word_1_145' title='bbox 566 2721 684 2785; x_wconf 88' lang='lat' dir='ltr'>cortice</span> <span class='ocrx_word' id='word_1_146' title='bbox 707 2724 787 2784; x_wconf 91' lang='lat' dir='ltr'>uota</span> <span class='ocrx_word' id='word_1_147' title='bbox 808 2719 936 2804; x_wconf 87' lang='lat' dir='ltr'>premit.</span> <span class='ocrx_word' id='word_1_148' title='bbox 1134 2743 1159 2784; x_wconf 74' lang='lat' dir='ltr'>aa</span> 
     </span>
     <span class='ocr_line' id='line_1_27' title="bbox 154 2808 1022 2894; baseline -0.003 -19"><span class='ocrx_word' id='word_1_149' title='bbox 154 2810 296 2875; x_wconf 88' lang='lat' dir='ltr'>creditur</span> <span class='ocrx_word' id='word_1_150' title='bbox 318 2809 353 2873; x_wconf 91' lang='lat' dir='ltr'>in</span> <span class='ocrx_word' id='word_1_151' title='bbox 376 2809 493 2894; x_wconf 85' lang='lat' dir='ltr'>libycis</span> <span class='ocrx_word' id='word_1_152' title='bbox 518 2831 576 2875; x_wconf 88' lang='lat' dir='ltr'>sua</span> <span class='ocrx_word' id='word_1_153' title='bbox 599 2808 746 2894; x_wconf 82' lang='lat' dir='ltr'>germina</span> <span class='ocrx_word' id='word_1_154' title='bbox 768 2814 898 2875; x_wconf 87' lang='lat' dir='ltr'>nectere</span> <span class='ocrx_word' id='word_1_155' title='bbox 922 2808 1022 2873; x_wconf 87' lang='lat' dir='ltr'>ramis</span> 
     </span>
     <span class='ocr_line' id='line_1_28' title="bbox 198 2897 860 2982; baseline 0 -19"><span class='ocrx_word' id='word_1_156' title='bbox 198 2900 348 2982; x_wconf 88' lang='lat' dir='ltr'>laetaque</span> <span class='ocrx_word' id='word_1_157' title='bbox 371 2897 508 2982; x_wconf 88' lang='lat' dir='ltr'>puniceo</span> <span class='ocrx_word' id='word_1_158' title='bbox 531 2920 627 2982; x_wconf 86' lang='lat' dir='ltr'>posse</span> <span class='ocrx_word' id='word_1_159' title='bbox 650 2897 764 2963; x_wconf 88' lang='lat' dir='ltr'>decore</span> <span class='ocrx_word' id='word_1_160' title='bbox 786 2897 860 2963; x_wconf 87' lang='lat' dir='ltr'>frui.</span> 
     </span>
    </p>
   </div>
   <div class='ocr_carea' id='block_1_7' title="bbox 108 3070 1162 3456">
    <p class='ocr_par' dir='ltr' id='par_1_8' title="bbox 108 3070 1162 3456">
     <span class='ocr_line' id='line_1_29' title="bbox 180 3070 1162 3172; baseline -0.003 -26"><span class='ocrx_word' id='word_1_161' title='bbox 180 3089 283 3146; x_wconf 87' lang='lat' dir='ltr'>1uirie</span> <span class='ocrx_word' id='word_1_162' title='bbox 302 3088 461 3171; x_wconf 60' lang='lat' dir='ltr'>Algemis</span> <span class='ocrx_word' id='word_1_163' title='bbox 480 3090 508 3143; x_wconf 88' lang='lat' dir='ltr'><strong><em>A</em></strong></span> <span class='ocrx_word' id='word_1_164' title='bbox 530 3092 578 3171; x_wconf 61' lang='lat' dir='ltr'>tlt</span> <span class='ocrx_word' id='word_1_165' title='bbox 597 3090 719 3172; x_wconf 83' lang='lat' dir='ltr'>honusta</span> <span class='ocrx_word' id='word_1_166' title='bbox 738 3090 806 3143; x_wconf 90' lang='lat' dir='ltr'>BH</span> <span class='ocrx_word' id='word_1_167' title='bbox 822 3091 831 3159; x_wconf 96' lang='grc'>11</span> <span class='ocrx_word' id='word_1_168' title='bbox 859 3089 1011 3170; x_wconf 77' lang='lat' dir='ltr'>tdecorat</span> <span class='ocrx_word' id='word_1_169' title='bbox 1030 3088 1122 3144; x_wconf 80' lang='lat'><em>1301)</em></span> <span class='ocrx_word' id='word_1_170' title='bbox 1158 3070 1162 3081; x_wconf 50' lang='lat'>⁸</span> 
     </span>
     <span class='ocr_line' id='line_1_30' title="bbox 108 3160 1122 3304; baseline -0.001 -17"><span class='ocrx_word' id='word_1_171' title='bbox 108 3161 503 3304; x_wconf 57' lang='lat' dir='ltr'>llllt&#39;ll0lttttffr</span> <span class='ocrx_word' id='word_1_172' title='bbox 522 3179 571 3286; x_wconf 67' lang='lat' dir='ltr'>ll</span> <span class='ocrx_word' id='word_1_173' title='bbox 596 3161 757 3288; x_wconf 57' lang='lat' dir='ltr'>dett</span> <span class='ocrx_word' id='word_1_174' title='bbox 774 3161 1020 3301; x_wconf 63' lang='lat' dir='ltr'>ttttldd</span> <span class='ocrx_word' id='word_1_175' title='bbox 1033 3160 1122 3286; x_wconf 62' lang='lat'>{3⁰</span> 
     </span>
     <span class='ocr_line' id='line_1_31' title="bbox 108 3232 1099 3384; baseline -0.002 -26"><span class='ocrx_word' id='word_1_176' title='bbox 108 3305 177 3373; x_wconf 88' lang='lat' dir='ltr'>quid</span> <span class='ocrx_word' id='word_1_177' title='bbox 195 3307 298 3374; x_wconf 78' lang='grc'>111120</span> <span class='ocrx_word' id='word_1_178' title='bbox 318 3232 501 3370; x_wconf 61' lang='lat' dir='ltr'>cidoniaAd,</span> <span class='ocrx_word' id='word_1_179' title='bbox 521 3303 642 3372; x_wconf 85' lang='lat' dir='ltr'>cydonia</span> <span class='ocrx_word' id='word_1_180' title='bbox 660 3305 824 3384; x_wconf 77' lang='lat' dir='ltr'>DHe&#39;ocys</span> <span class='ocrx_word' id='word_1_181' title='bbox 837 3306 846 3372; x_wconf 97' lang='grc'>11</span> <span class='ocrx_word' id='word_1_182' title='bbox 861 3309 894 3356; x_wconf 88' lang='grc'>22</span> <span class='ocrx_word' id='word_1_183' title='bbox 915 3302 1052 3357; x_wconf 82' lang='lat' dir='ltr'>Castanee</span> <span class='ocrx_word' id='word_1_184' title='bbox 1070 3303 1099 3356; x_wconf 88' lang='lat' dir='ltr'><strong><em>A</em></strong></span> 
     </span>
     <span class='ocr_line' id='line_1_32' title="bbox 109 3374 1127 3456; baseline 0 -28"><span class='ocrx_word' id='word_1_185' title='bbox 109 3376 250 3430; x_wconf 87' lang='lat' dir='ltr'>uelamine</span> <span class='ocrx_word' id='word_1_186' title='bbox 269 3376 299 3430; x_wconf 90' lang='lat' dir='ltr'><strong><em>D</em></strong></span> <span class='ocrx_word' id='word_1_187' title='bbox 322 3378 331 3445; x_wconf 97' lang='grc'>11</span> <span class='ocrx_word' id='word_1_188' title='bbox 352 3382 386 3429; x_wconf 87' lang='grc'>24</span> <span class='ocrx_word' id='word_1_189' title='bbox 405 3377 550 3429; x_wconf 87' lang='lat' dir='ltr'>exarmant</span> <span class='ocrx_word' id='word_1_190' title='bbox 563 3377 593 3429; x_wconf 91' lang='lat' dir='ltr'><em>D</em></span> <span class='ocrx_word' id='word_1_191' title='bbox 618 3377 621 3447; x_wconf 97' lang='grc'>1</span> <span class='ocrx_word' id='word_1_192' title='bbox 646 3375 838 3456; x_wconf 74' lang='lat' dir='ltr'>pugnantrbus</span> <span class='ocrx_word' id='word_1_193' title='bbox 857 3376 885 3428; x_wconf 88' lang='lat' dir='ltr'><strong><em>A</em></strong></span> <span class='ocrx_word' id='word_1_194' title='bbox 903 3376 912 3443; x_wconf 97' lang='grc'>11</span> <span class='ocrx_word' id='word_1_195' title='bbox 933 3381 966 3428; x_wconf 79' lang='grc'>25</span> <span class='ocrx_word' id='word_1_196' title='bbox 986 3374 1047 3428; x_wconf 89' lang='lat' dir='ltr'>fota</span> <span class='ocrx_word' id='word_1_197' title='bbox 1066 3375 1094 3428; x_wconf 93' lang='lat' dir='ltr'><strong><em>B</em></strong></span> <span class='ocrx_word' id='word_1_198' title='bbox 1123 3408 1127 3414; x_wconf 94' lang='lat'>·</span> 
     </span>
    </p>
   </div>
   <div class='ocr_carea' id='block_1_8' title="bbox 84 3444 1130 3595">
    <p class='ocr_par' dir='ltr' id='par_1_9' title="bbox 84 3444 1130 3595">
     <span class='ocr_line' id='line_1_33' title="bbox 93 3444 1128 3520; baseline -0.004 -19"><span class='ocrx_word' id='word_1_199' title='bbox 93 3449 204 3515; x_wconf 79' lang='lat' dir='ltr'>petunt</span> <span class='ocrx_word' id='word_1_200' title='bbox 218 3448 293 3503; x_wconf 86' lang='grc' dir='ltr'>ΑΗ</span> <span class='ocrx_word' id='word_1_201' title='bbox 307 3449 321 3520; x_wconf 91' lang='grc'>11</span> <span class='ocrx_word' id='word_1_202' title='bbox 342 3453 375 3502; x_wconf 79' lang='grc'>26</span> <span class='ocrx_word' id='word_1_203' title='bbox 395 3452 425 3503; x_wconf 88' lang='lat' dir='ltr'>et</span> <span class='ocrx_word' id='word_1_204' title='bbox 441 3445 543 3518; x_wconf 76' lang='lat' dir='ltr'>proin</span> <span class='ocrx_word' id='word_1_205' title='bbox 562 3464 574 3502; x_wconf 84' lang='lat' dir='ltr'>a</span> <span class='ocrx_word' id='word_1_206' title='bbox 598 3449 606 3516; x_wconf 93' lang='grc'>1</span> <span class='ocrx_word' id='word_1_207' title='bbox 626 3445 721 3499; x_wconf 75' lang='lat' dir='ltr'>libius</span> <span class='ocrx_word' id='word_1_208' title='bbox 741 3447 844 3512; x_wconf 43' lang='lat' dir='ltr'>ADHx</span> <span class='ocrx_word' id='word_1_209' title='bbox 859 3445 961 3514; x_wconf 85' lang='lat' dir='ltr'>libycis</span> <span class='ocrx_word' id='word_1_210' title='bbox 980 3446 1017 3514; x_wconf 92' lang='lat' dir='ltr'>B,</span> <span class='ocrx_word' id='word_1_211' title='bbox 1035 3444 1128 3514; x_wconf 71' lang='lat' dir='ltr'>Lybi:</span> 
     </span>
     <span class='ocr_line' id='line_1_34' title="bbox 84 3515 1130 3595; baseline -0.014 -25"><span class='ocrx_word' id='word_1_212' title='bbox 84 3516 130 3571; x_wconf 72' lang='lat' dir='ltr'>crs</span> <span class='ocrx_word' id='word_1_213' title='bbox 149 3519 199 3589; x_wconf 75' lang='lat' dir='ltr'>Cf!</span> <span class='ocrx_word' id='word_1_214' title='bbox 214 3527 255 3576; x_wconf 85' lang='lat'>27</span> <span class='ocrx_word' id='word_1_215' title='bbox 271 3522 407 3594; x_wconf 76' lang='lat' dir='ltr'>betaque</span> <span class='ocrx_word' id='word_1_216' title='bbox 428 3524 455 3578; x_wconf 92' lang='lat' dir='ltr'><strong><em>A</em></strong></span> <span class='ocrx_word' id='word_1_217' title='bbox 471 3525 477 3595; x_wconf 97' lang='grc'>1</span> <span class='ocrx_word' id='word_1_218' title='bbox 494 3519 609 3576; x_wconf 85' lang='lat' dir='ltr'>Punica</span> <span class='ocrx_word' id='word_1_219' title='bbox 627 3520 656 3575; x_wconf 92' lang='lat' dir='ltr'>D</span> <span class='ocrx_word' id='word_1_220' title='bbox 670 3517 796 3590; x_wconf 72' lang='lat' dir='ltr'>ldeccre</span> <span class='ocrx_word' id='word_1_221' title='bbox 813 3515 847 3567; x_wconf 83' lang='grc' dir='ltr'>Η</span> <span class='ocrx_word' id='word_1_222' title='bbox 1124 3522 1130 3555; x_wconf 80' lang='lat'>·.</span> 
     </span>
    </p>
   </div>
   <div class='ocr_carea' id='block_1_9' title="bbox 0 0 1210 3832">
    <p class='ocr_par' dir='ltr' id='par_1_10' title="bbox 0 0 1210 3832">
     <span class='ocr_line' id='line_1_35' title="bbox 0 0 1210 3832; baseline 0 0"><span class='ocrx_word' id='word_1_223' title='bbox 0 0 1210 3832; x_wconf 95' lang='lat' dir='ltr'> </span> 
     </span>
    </p>
   </div>
  </div>
 </body>
</html>
