2378 3832
439 163 557 220 heare.
572 164 651 219 XIIII
664 171 786 220 er-ree
1053 168 1119 240 267

152 314 298 376 exarmat
320 309 415 395 fetus,
439 311 494 376 sed
518 310 653 376 brachia
675 311 803 378 roboris
827 316 934 378 armat
1132 315 1189 381 11

196 403 366 466 castaneae
389 422 513 485 prunus
535 401 625 466 iussa
648 404 758 466 tenere
780 401 892 467 larem.

480 648 539 715 DE
564 646 750 726 SILIQVA.

66 828 69 835 .
150 773 356 839 Adsueseunt
380 773 516 859 siliquae
539 774 637 840 uiridi
660 776 850 843 mollescere
873 799 954 844 suco

78 871 92 933 ε
195 867 228 927 et
251 862 376 949 gremio
398 867 538 947 pascunt
562 886 653 930 cerea
675 888 773 950 poma
795 888 866 931 suo.

513 1095 573 1160 Du
596 1095 708 1162 FIOV.

148 1218 327 1285 Persuadet
349 1221 450 1285 moris
474 1224 597 1308 tetrum
619 1221 747 1286 uariare
770 1221 914 1287 colorem

192 1309 273 1374 ficus
297 1313 330 1374 et
353 1309 477 1374 inuasis
501 1311 557 1374 dat
580 1331 639 1374 sua
662 1310 734 1375 iura
757 1311 869 1376 comis.
1125 1312 1168 1378 12

149 1419 183 1463 se
207 1420 335 1483 quoque
358 1398 497 1463 miratur
519 1398 635 1484 pingui
658 1399 869 1484 grandescere
894 1420 973 1465 suco

62 1514 89 1554 10
192 1492 226 1552 et
249 1487 384 1552 solitum
408 1488 528 1573 gaudet
550 1487 680 1553 uincere
703 1510 802 1573 poma
824 1488 968 1556 modum.

148 1575 293 1662 insignes
316 1576 406 1642 foliis
429 1577 591 1662 platanos,
613 1575 723 1642 felicia
745 1576 867 1642 mensis

191 1664 334 1751 brachia,
357 1667 536 1751 gaudentes
560 1664 639 1731 uitis
661 1666 785 1732 honore
809 1687 929 1753 comas,

146 1753 331 1840 ingrediens
353 1755 470 1840 pingui
494 1776 528 1819 se
552 1754 672 1820 cortice
695 1755 838 1820 maxima
860 1757 943 1822 ficus
1125 1757 1167 1823 12

192 1847 302 1908 seruat
324 1847 357 1909 et
381 1848 513 1928 optatos
535 1842 641 1928 inplet
665 1845 782 1930 adepta
805 1845 906 1913 sinus.

60 2118 87 2160 ra
439 2151 444 2162 ,
496 2091 556 2157 DE
581 2090 716 2158 MORO.

146 2215 261 2282 Mutua
284 2215 486 2300 quinetiam
509 2215 611 2280 moris
635 2216 830 2282 commercia
852 2217 935 2282 ficus

189 2309 336 2390 praestat
359 2309 393 2370 et
416 2304 564 2370 oblatum
586 2306 703 2370 robore
728 2326 862 2391 germen
884 2305 953 2374 alit

144 2395 292 2460 fraxinus
314 2392 391 2460 huic
414 2394 528 2459 auidae
553 2394 681 2459 confert
704 2416 763 2459 sua
785 2395 934 2461 membra
955 2395 1063 2462 sodali

190 2488 223 2549 et
245 2483 365 2549 metuit
386 2482 472 2549 fetus
497 2504 610 2568 sparsa
633 2505 745 2548 cruore
768 2506 881 2549 nouos.
1126 2486 1167 2552 13

59 2599 88 2641 ro
145 2594 296 2659 proceras
320 2571 415 2658 fagos
438 2578 472 2638 et
494 2594 593 2656 poma
614 2571 743 2637 hirsuta
765 2572 903 2639 uirentis

191 2666 361 2728 castaneae
384 2661 474 2726 duris
498 2682 613 2745 aspera
636 2661 722 2725 mala
745 2661 847 2728 comis

144 2750 292 2816 inficiens
316 2754 478 2816 monstrat
500 2750 592 2834 piceo
616 2749 798 2835 nigrescere
820 2755 927 2837 partu,

190 2843 224 2904 et
246 2861 323 2906 suco
347 2840 453 2924 pascit
476 2839 607 2925 turgida
628 2860 728 2924 poma
749 2861 845 2907 nouo.

145 2928 336 3013 obsequitur
359 2929 459 2995 moris
483 2928 602 2992 blando
626 2928 831 2994 terebinthus
856 2928 954 2995 odore
1124 2930 1165 2997 13

58 3042 85 3087 ac
189 3022 222 3083 et
245 3018 384 3104 geminis
408 3017 544 3083 ueniunt
566 3040 701 3082 munera
723 3018 827 3083 mixta
849 3018 956 3084 bonis.

170 3244 308 3314 4silique
321 3245 401 3316 ΑΙΙό
422 3248 515 3300 cetera
533 3261 623 3299 omues
638 3251 749 3314 praeter
766 3245 894 3316 ADHp
916 3245 996 3300 6DE
1015 3245 1113 3304 mcv-

98 3315 212 3384 BVSO‚
231 3316 274 3371 De
292 3316 400 3371 ficubus
419 3318 448 3371 B
474 3320 483 3387 [Ι
512 3322 526 3370 7
546 3319 655 3371 mutare
675 3316 827 3388 OBiacpe
851 3319 861 3386 ΙΙ
893 3321 909 3371 8
928 3316 958 3371 in
977 3317 1054 3372 uasis
1072 3319 1085 3372 i

99 3392 134 3442 15
143 3387 185 3442 De
198 3387 285 3443 Moris
295 3389 325 3443 D
338 3391 348 3459 ll
363 3395 395 3444 16
406 3386 629 3444 conmertiaAB
643 3390 653 3458 ΙΙ
667 3394 700 3443 17
710 3388 892 3442 PrestatAB
905 3390 915 3458 ΙΙ
930 3395 962 3443 18
975 3389 1094 3446 auideA

97 3457 188 3583 porppi
201 3459 354 3586 Ogiaope
372 3462 383 3532 ll
406 3467 439 3515 21
454 3459 591 3515 Castanee
605 3460 634 3515 A
655 3462 668 3532 ll
687 3466 724 3514 ‘m
735 3459 921 3514 therebintus
936 3460 1128 3527 Akouens-

114 3547 144 3582 m
179 3547 212 3583 us
