2378 3832
452 186 569 241 Adule.
585 187 598 239 Ι
612 192 681 241 5-6
1052 189 1070 251 7

82 367 152 433 DE
175 365 418 433 INDVSTRIA
442 367 499 432 ET
521 364 811 433 NECESSARIIS
836 366 896 433 AD
919 367 1044 432 RVRA

436 471 704 539 SENTENTIIS.

129 596 194 663 Sed
215 598 272 663 ubi
294 598 383 682 haec,
407 619 489 682 quae
511 598 675 663 naturalia
698 603 775 663 sunt
797 620 900 682 neque
918 598 1061 663 humana
1076 599 1123 663 VI

55 709 124 772 ope
154 688 260 752 curari
287 690 439 772 possunt,
466 685 654 772 diligentius
678 687 872 771 aestimaris,
902 689 1015 773 exequi
1038 693 1072 753 te

24 776 217 848 aeonuenit
243 780 386 859 partem,
414 797 496 860 quae
523 779 626 840 restat
653 776 844 840 industriae:
875 776 965 841 cuius
992 777 1072 842 haee

58 865 128 930 erit
151 886 227 930 cura
249 864 302 929 uel
325 864 479 950 maxima,
502 868 539 929 ut
561 863 634 949 has,
658 886 737 949 quas
762 864 897 946 subieci,
921 887 960 929 ex
983 867 1072 930 omni

59 976 162 1038 opere
180 952 301 1018 rustico
320 953 355 1017 in
373 953 488 1038 primis
507 954 624 1017 debeas
638 956 748 1017 tenere
764 953 949 1018 sententias.
982 977 1073 1038 prae-

60 1044 171 1108 sentia
202 1042 325 1108 domini
353 1045 526 1125 prouectus
555 1045 605 1106 est
632 1041 711 1127 agri.
758 1042 848 1106 color
874 1045 979 1106 terrae
1006 1066 1072 1108 non

60 1153 184 1216 magno
213 1152 311 1215 opere
338 1131 550 1216 desideretur,
581 1131 637 1214 qui
664 1131 822 1195 bonitatis
850 1130 992 1195 incertus
1022 1137 1072 1196 est

13 1252 43 1291 10
60 1225 186 1285 auctor.
223 1241 343 1304 genera
366 1220 511 1284 omnium
535 1220 738 1284 surculorum
759 1219 812 1284 uel
831 1219 963 1304 frugum
981 1242 1071 1303 prae
1094 1222 1114 1284 2

61 1308 161 1392 clara,
179 1308 236 1373 sed
253 1309 349 1373 terris
369 1308 434 1373 tuis
454 1312 596 1392 experta,
615 1308 791 1372 committe.
827 1309 862 1372 in
880 1330 965 1373 nouo
985 1310 1072 1374 enim

60 1419 182 1482 genere
214 1397 374 1462 seminum
410 1400 485 1461 ante
518 1397 773 1479 experimentum
809 1418 875 1461 non
911 1401 961 1461 est
998 1420 1070 1482 spes

60 1491 138 1551 tota
159 1487 316 1570 ponenda.
352 1485 433 1550 locis
456 1485 575 1549 umidis
599 1486 723 1550 semina
745 1484 841 1551 citius
861 1508 958 1570 quam
976 1486 1070 1552 siccis

60 1576 274 1660 degenerant:
298 1596 396 1658 quare
420 1575 555 1639 subinde
579 1579 746 1639 succurrat
770 1575 892 1640 electio.
933 1574 1069 1655 ferrarii,

14 1695 43 1735 15
61 1663 211 1749 lignarii,
252 1663 413 1728 doliorum
455 1685 673 1747 cuparumque
712 1664 851 1729 faetores
888 1664 1070 1731 necessario

60 1753 205 1817 habendi
233 1756 322 1835 eunt,
349 1773 389 1816 ne
413 1753 564 1817 elabere
588 1753 714 1817 solenni
737 1753 876 1817 rusticos
900 1761 997 1817 causa
1020 1755 1072 1818 de·

60 1841 252 1906 siderandae
269 1840 359 1906 urbis
374 1843 510 1906 auertat.
540 1840 622 1906 locis
636 1841 765 1926 frigidis
780 1863 799 1905 a
813 1841 946 1906 meridie
961 1842 1072 1907 uineta

59 1933 235 2015 ponentur,
258 1930 371 1995 calidis
390 1953 409 1994 a
427 1929 658 2013 septentrione,
677 1927 867 2013 temperatis
886 1931 926 1993 ab
946 1931 1070 1995 oriente

59 2019 129 2101 uel,
158 2019 185 2083 si
212 2040 343 2083 necesse
367 2019 423 2101 sit,
452 2017 626 2083 occidente.
668 2041 838 2103 operarum
860 2019 946 2082 ratio
970 2040 1070 2083 unum
1094 2019 1114 2082 3

12 2141 44 2180 20
62 2108 196 2173 modum
223 2112 333 2172 tenere
360 2129 426 2171 non
452 2111 562 2192 potest
584 2107 620 2172 in
642 2111 734 2173 tanta
757 2106 947 2171 diuersitate
970 2111 1070 2172 terra-

60 2219 150 2262 rum:
168 2200 201 2260 et
219 2195 291 2260 ideo
311 2195 373 2260 soli
391 2199 424 2260 et
440 2194 627 2280 prouinciae
642 2196 840 2262 consuetudo
854 2194 949 2259 facile
965 2201 1071 2261 osten-

60 2286 132 2370 det,
160 2283 216 2368 qui
242 2307 395 2350 numerus
424 2306 684 2369 unamquamque
712 2305 781 2347 rem
803 2282 917 2367 faciat,
944 2284 1013 2348 siue
1036 2285 1071 2348 in

61 2373 202 2439 surculis
230 2373 298 2438 siue
326 2373 361 2437 in
389 2371 477 2439 omni
504 2395 620 2458 genere
645 2376 798 2437 satorum.
840 2393 922 2455 quae
944 2373 1070 2458 florent,

61 2466 192 2528 ceneten
218 2485 286 2528 non
312 2483 382 2527 esse
410 2462 582 2547 tangenda.
627 2461 708 2526 bene
738 2460 815 2546 eligi
843 2463 978 2527 serenda
1004 2484 1071 2527 non

14 2555 213 2635 capessunt,
237 2549 302 2616 uisi
324 2551 387 2616 hoc
410 2550 554 2617 officium
576 2550 666 2634 prius
691 2551 813 2636 eligens
837 2551 994 2617 adsumat.
1035 2553 1070 2616 in

61 2641 160 2705 rebus
188 2639 372 2725 agrestibus
401 2641 540 2705 maxime
568 2640 676 2706 officia
701 2640 854 2705 iuuenum
878 2645 1071 2727 congruunt,

134 2831 317 2887 tuententiis
337 2832 374 2886 ad
392 2848 458 2886 rura
476 2833 506 2885 E
531 2835 540 2902 11
567 2832 673 2885 3haec
693 2849 743 2886 om.
762 2831 793 2884 E
818 2834 827 2901 11
854 2837 987 2885 teurare
1005 2831 1067 2903 G¹l

60 2903 221 2960 aestimaris
249 2903 363 2971 exsequi
387 2904 436 2972 11¹,
463 2902 606 2957 aestimari
634 2905 663 2956 et
688 2901 801 2969 exsequi
826 2901 907 2971 QV’,
935 2901 1069 2969 estimari,

60 2975 163 3044 exequi
177 2975 227 3043 ΕΙ,
247 2973 422 3029 estimaueris
441 2973 541 3041 exequi
554 2973 585 3026 Ε
591 2973 609 3042 ²,
628 2971 806 3027 extimauerie
826 2971 926 3040 exequi
944 2974 967 3041 i,
987 2973 1070 3027 aeeti-

60 3045 196 3115 mauerie‚
217 3045 317 3127 exequi
335 3064 366 3113 α,
390 3043 595 3112 aestimamus,
619 3044 732 3112 exsequi
751 3061 804 3114 epe
817 3047 856 3114 116
874 3042 920 3097 uel
946 3061 995 3097 om.
1015 3044 1046 3097 Ε
1061 3045 1070 3116 11

61 3125 76 3172 7
97 3117 236 3186 rusticeQ
251 3118 255 3188 1
271 3116 407 3185 imprimis
419 3119 444 3171 T
458 3119 462 3185 1
478 3132 648 3185 magnopere
659 3116 759 3185 GEqs
772 3117 781 3183 11
796 3121 811 3168 9
826 3113 962 3167 bonitatis
977 3132 1026 3169 om,
1039 3133 1069 3184 p,

60 3188 249 3258 benignitatis
267 3189 366 3242 habeut
384 3188 439 3242 SE
451 3190 460 3256 11
482 3193 514 3240 10
534 3186 673 3239 sulcorum
691 3187 741 3254 ΕΙ,
761 3185 884 3239 omnium
902 3202 957 3238 non
976 3204 1070 3240 surcu-

60 3260 152 3314 lornm
172 3260 215 3327 Vl
231 3257 364 3312 fruticum
382 3259 408 3311 V
423 3262 432 3328 11
448 3264 480 3311 14
502 3259 707 3327 degenerantur
725 3258 755 3311 Ε
772 3261 780 3326 11
800 3264 834 3310 15
852 3255 966 3325 lignarii
984 3258 1070 3313 ferra·

60 3331 97 3384 rii
118 3332 144 3384 T
166 3331 170 3402 1
195 3328 346 3384 necessarii
367 3331 392 3383 T
416 3333 425 3400 11
454 3337 486 3383 17
508 3329 549 3382 De
567 3328 707 3397 positione
725 3328 868 3382 vinearum
887 3328 966 3384 addit
981 3330 1021 3383 G³
1039 3333 1070 3385 iu

60 3404 186 3473 marpissa
213 3404 222 3471 11
250 3408 282 3455 19
303 3401 338 3454 ab
358 3403 502 3457 occidente
521 3401 607 3455 S¹Es
634 3403 643 3469 11
671 3407 702 3454 21
722 3399 769 3453 ido
791 3399 829 3453 (Ρ
854 3401 857 3469 1
883 3400 1006 3454 ostendit
1025 3403 1097 3535 a&

61 3479 96 3527 22
125 3472 187 3541 quis
215 3490 345 3527 numerus
368 3493 403 3543 p,
432 3473 495 3544 quie
523 3472 623 3528 modus
650 3473 663 3528 i
685 3474 695 3544 1
717 3470 807 3527 iaciat
828 3470 890 3540 Vl„
910 3469 989 3524 tucn
1013 3472 1054 3522 Ca*

57 3551 93 3596 25
111 3544 215 3596 electus
236 3545 263 3599 V
261 3545 434 3604 effrena
