2378 3832
377 188 528 244 PALLAD.
547 188 663 243 AGRIO.
678 189 730 244 VII
744 196 812 244 1-2
1035 191 1096 253 171

137 333 168 398 Χ
200 333 251 400 De
275 335 346 400 olco
371 335 635 401 chamaemelino.

119 422 167 487 XI
200 423 249 488 De
272 424 441 489 oenanthe.

106 510 169 576 XII
201 511 250 577 De
273 513 372 577 alfita.

92 599 169 665 XIII
201 601 250 665 De
272 601 373 666 horis.

65 948 76 988 a
366 921 426 986 DII
450 921 573 987 ΑΒΕΔ
595 920 817 986 PARANDA.

151 1044 224 1111 Hoc
252 1068 360 1111 mense
389 1069 463 1111 area
489 1047 633 1130 paranda
661 1050 712 1110 est
740 1045 780 1110 ad
807 1044 974 1130 trituram,
1002 1047 1093 1111 cuius
1131 1045 1148 1110 Ι

85 1135 190 1218 primo
223 1139 312 1200 terra
343 1136 484 1199 radatur.
535 1135 648 1199 deiude
681 1135 799 1199 effossa
830 1135 947 1198 leuiter
980 1135 1092 1199 mixtis

84 1223 187 1306 paleis
212 1227 246 1288 et
269 1246 400 1289 amurca
423 1227 582 1308 aequatur
604 1223 740 1288 insulsa:
769 1245 850 1306 quae
878 1245 930 1287 res
954 1244 973 1286 a
996 1224 1093 1287 muri-

85 1313 145 1376 bus
165 1316 199 1376 et
217 1311 363 1378 formicis
381 1312 546 1377 frumenta
564 1311 717 1377 defendit.
751 1315 830 1376 tunc
847 1312 1022 1396 premenda
1042 1316 1092 1376 est

46 1430 72 1468 1o
84 1402 224 1466 rotundo
253 1401 360 1486 lapide
387 1401 440 1466 uel
469 1401 637 1466 columnae
666 1421 869 1484 quocumque
898 1400 1093 1486 fragmento⁷

85 1490 176 1555 cuius
195 1491 357 1554 uolutatio
376 1489 482 1575 possit
501 1490 571 1554 eius
590 1491 697 1575 spatia
716 1490 864 1554 solidare.
893 1489 1009 1555 dehinc
1023 1490 1092 1554 sole

84 1579 233 1643 siccetur.
279 1580 381 1662 aliqui
412 1579 576 1644 mundatis
609 1579 692 1643 areis
721 1600 839 1662 aquam
866 1583 1026 1664 spargunt
1059 1583 1092 1643 et

83 1669 211 1731 minuta
238 1668 285 1731 ibi
312 1690 430 1753 pecora
457 1667 512 1732 diu
536 1667 671 1752 spatiari
695 1689 732 1732 ac
755 1667 941 1751 proculcare
965 1668 1092 1752 conpel-

82 1757 164 1820 lunt.
210 1760 244 1821 ct
272 1778 346 1821 oum
374 1762 463 1821 terra
491 1757 621 1842 ungulis
651 1756 767 1822 stricta
796 1756 909 1841 fuerit,
942 1761 1091 1841 spectant

45 1873 69 1913 15
83 1845 223 1910 solidam
246 1845 436 1911 siccitatem.

432 2075 491 2142 DE
515 2075 741 2141 MESSIBVS.

147 2199 245 2265 Nunc
275 2201 381 2284 primo
411 2201 525 2265 hordei
553 2201 668 2265 messis
697 2199 865 2284 incipitur,
898 2220 980 2283 qnae
1014 2220 1088 2263 con·
1106 2199 1140 2264 II

79 2290 272 2354 summanda
295 2293 354 2373 est,
377 2293 552 2374 antequam
576 2310 677 2375 grana
700 2288 850 2352 arefactis
874 2286 973 2371 spicis
995 2286 1089 2371 lapsa

79 2380 262 2462 decurrant
285 2378 361 2462 qnia
383 2379 483 2442 nullis
503 2379 589 2443 siout
607 2377 752 2441 triticum
770 2376 927 2441 folliculis
948 2376 1089 2440 uestiun-

39 2495 64 2533 20
78 2472 143 2532 tur.
181 2467 322 2550 quinque
345 2467 470 2532 modios
494 2465 635 2532 recidere
658 2470 768 2550 potest
791 2465 880 2548 pleni
900 2465 970 2550 agri
990 2487 1088 2550 opera

78 2578 144 2620 una
164 2555 316 2621 messoris
335 2555 470 2642 experti,
489 2555 660 2620 mediocris
677 2577 755 2619 uero
770 2559 847 2638 trec,
865 2554 973 2618 ultimi
988 2553 1088 2619 etiam

78 2644 196 2709 minus.
233 2645 289 2709 sed
311 2645 425 2710 hordei
448 2645 572 2711 culmos
596 2645 700 2709 iacere
725 2645 759 2707 in
777 2645 865 2730 agris
885 2643 1087 2726 aliquantum

153 2842 166 2889 1
188 2836 294 2890 camelo
314 2836 518 2906 1⁷‚0am0me10
539 2836 573 2904 G,
594 2836 768 2890 camemilleo
786 2838 810 2904 i,
831 2834 1042 2889 chamaemilleo
1061 2854 1088 2903 a,

78 2907 271 2961 chamaemelo
298 2925 346 2978 93,
368 2907 531 2978 camemelo
555 2910 635 2961 ceteri
660 2911 668 2977 11
697 2914 712 2960 2
740 2908 798 2961 Deo
827 2907 950 2960 enantho
979 2906 1017 2973 G,
1046 2905 1088 2960 De

77 2979 201 3032 enanthe
234 2979 286 3032 clii
316 2981 325 3048 11
357 2985 373 3032 3
405 2977 526 3047 Alphica
552 2980 577 3046 c',
611 2978 684 3032 alica
712 2998 730 3033 a
760 2980 770 3047 11
801 2977 932 3031 MENSIS
964 2976 1087 3031 IVNIVS

76 3051 187 3104 addam
218 3051 321 3104 codices
352 3052 473 3120 (practer
496 3049 538 3120 Ε)
567 3051 625 3103 eti
655 3053 664 3121 11
701 3057 716 3104 6
744 3049 823 3103 Iunio
853 3065 947 3102 mense
976 3066 1052 3120 acps
1085 3048 1088 3120 1

77 3127 93 3174 8
119 3123 256 3189 aequetur
274 3121 296 3175 S
303 3121 312 3151 ¹
339 3123 348 3190 11
377 3128 407 3174 11
433 3119 496 3174 Sole
516 3119 617 3173 dehinc
634 3120 774 3175 siccentur
792 3121 823 3174 Ε
847 3123 856 3189 11
885 3126 917 3173 12
943 3120 1014 3174 aeris
1035 3121 1062 3173 P

76 3209 154 3260 aqua
172 3191 330 3261 PLQVF
353 3195 362 3261 11
391 3199 424 3245 14
447 3191 530 3244 fricta
551 3191 576 3245 G
602 3194 612 3260 11
640 3197 673 3246 16
698 3193 745 3246 DE
764 3191 880 3244 Mllssn
900 3189 1012 3245 ORDEI
1031 3192 1062 3245 E
1084 3191 1088 3264 1

77 3270 110 3317 17
130 3263 221 3334 prima
241 3263 267 3317 G
288 3263 292 3333 1
317 3263 414 3316 messis
434 3261 511 3316 ordei
530 3262 561 3315 E
579 3264 582 3334 1
606 3262 742 3317 inciditur
760 3263 796 3331 E,
815 3261 950 3331 recipitur
964 3281 986 3331 p
1002 3279 1006 3332 1
1023 3279 1086 3316 con-

75 3334 214 3388 sumenda
237 3334 367 3402 PVSE,
395 3333 612 3386 consummenda
635 3335 674 3403 L,
703 3333 923 3389 consumandac'
949 3336 958 3402 11
987 3339 1019 3388 18
1044 3337 1087 3388 est

75 3423 127 3460 om.
143 3407 174 3460 E
202 3408 205 3476 1
235 3421 354 3475 granare
373 3404 470 3458 fractis
489 3405 589 3473 PLQ,
613 3422 702 3475 grana
725 3407 800 3475 (ros.)
824 3404 922 3458 fractis
941 3404 972 3473 V,
997 3422 1087 3475 grana

75 3476 206 3531 refractis
236 3477 325 3531 TFG
354 3479 365 3547 11
397 3482 429 3529 21
458 3475 583 3531 Vltimus
608 3477 635 3532 Ε
664 3479 680 3549 11
707 3483 746 3532 <nn
772 3476 990 3545 alidnanuhnm
1012 3476 1104 3526 nnn

70 3564 165 3615 caepe
