2378 3832
444 109 560 164 AGRIO.
575 109 626 162 ΠΠ
641 115 674 164 10
998 109 1062 174 129

47 257 169 324 fictilis
192 257 347 321 obruatur
370 255 456 321 circa
478 256 626 321 arborem
649 254 758 339 punici
782 255 870 319 etin
895 277 933 320 ea
951 276 1060 319 ramus

50 369 131 412 cum
161 345 242 428 flore
274 346 455 428 claudatur,
485 367 526 408 ne
558 344 683 409 resiliat
715 344 836 429 ligatus
870 344 909 408 ad
936 344 1061 427 palum:

51 441 134 500 tunc
163 438 316 518 cooperta
343 433 409 499 olla
436 438 549 498 contra
577 455 678 517 aquae
706 431 872 497 muniatur
903 434 1060 498 incursus.

54 527 212 588 autumno
230 522 395 606 patefacta
413 545 489 587 suae
507 522 741 608 magnitudinis
759 543 856 605 poma
870 521 1061 587 redhibebit.

24 638 39 678 s
54 612 160 678 multa
178 611 213 676 in
230 612 349 695 punico
367 612 436 695 ipse
456 611 576 675 adserit
594 633 691 694 poma
709 611 891 696 procedere,
914 611 943 675 si
962 610 1061 695 titby·
1085 611 1106 677 6

55 701 148 766 malli
182 704 216 765 et
247 701 446 784 portulacae·
467 721 562 764 sucus
596 699 774 783 aequaliter
806 699 941 782 mixtus,
974 703 1063 764 ante-

56 812 156 875 quam
174 789 345 875 gcrminet,
363 793 477 853 trunco
497 789 622 853 arboris
642 788 813 852 adlinatur.
849 788 948 853 inseri
966 811 1063 872 posse

55 880 207 944 firmatur
234 877 273 942 de
292 899 465 942 ramorum
491 877 702 962 connexione,
727 881 765 940 ut
788 877 928 942 medulla
951 879 1063 942 utrim-

58 990 120 1052 que
153 967 258 1031 diuisa
289 988 323 1032 se
354 967 480 1052 iungat.
531 966 566 1030 in
598 987 631 1030 se
664 970 792 1030 tantum
824 965 922 1030 inseri
954 970 1064 1050 potest

22 1082 45 1121 ιο
58 1057 145 1122 circa
164 1055 283 1140 apriles
303 1056 452 1121 calendas
471 1076 580 1119 mense
599 1053 718 1118 martio
737 1055 861 1118 ultimo.
899 1054 954 1118 sed
974 1060 1062 1120 secto

58 1150 175 1210 trunco
199 1144 346 1209 surculus
369 1142 609 1209 recentissimus
633 1144 746 1208 statim
769 1143 865 1207 debet
888 1141 999 1225 inseri,
1022 1166 1063 1207 ne

58 1255 152 1298 mora
174 1233 336 1318 exiguum,
359 1233 416 1317 qui
438 1235 497 1317 est,
520 1232 619 1296 siccet
641 1253 796 1296 umorem.
836 1231 954 1315 punica
977 1232 1064 1295 mala
1088 1233 1106 1296 7

60 1324 240 1404 seruantur,
254 1321 283 1386 si
296 1322 413 1405 picatis
427 1321 584 1405 pediculis
599 1321 747 1384 ordinata
759 1320 944 1403 suspendas.
969 1319 1064 1383 aliter

59 1412 144 1476 lecta
167 1410 297 1495 integra
319 1409 353 1474 in
376 1431 460 1494 aqua
482 1408 608 1474 marina
625 1409 677 1473 uel
696 1409 801 1473 muria
819 1408 965 1473 feruente
984 1431 1064 1473 mer·

26 1526 47 1566 u
61 1505 194 1586 gantur,
221 1502 258 1563 ut
285 1497 470 1564 conbibant.
515 1500 591 1582 post
618 1498 761 1564 triduum
793 1497 861 1562 sole
894 1497 1064 1582 siccentur,

59 1592 97 1653 ut
120 1588 181 1653 sub
205 1584 281 1652 diuo
302 1592 398 1653 nocte
419 1609 485 1652 non
509 1590 673 1652 maneant:
695 1590 771 1670 post
793 1587 828 1651 in
850 1587 922 1651 loco
944 1586 1064 1673 frigido

60 1677 306 1761 suspendantur.
354 1699 427 1742 cum
458 1676 601 1740 uolueris
633 1676 695 1760 uti,
728 1697 811 1759 aqua
844 1675 930 1740 dulci
961 1677 1064 1760 pridie

59 1765 248 1830 macerabis.
286 1766 436 1829 feruntur
458 1764 538 1829 haec
560 1765 666 1848 pomis
689 1764 873 1830 recentibus
897 1765 1064 1830 aemulari:
1090 1767 1109 1830 8

60 1855 154 1938 item,
185 1854 212 1918 si
241 1875 259 1917 a
286 1858 377 1919 tactu
404 1853 543 1919 inuicem
571 1857 720 1937 separata
747 1853 849 1936 paleis
877 1854 1066 1919 obruantur.

13 1943 140 2009 acitem
172 1941 262 2007 fossa
293 1942 332 2005 fit
362 1941 461 2028 longa
494 1947 528 2006 et
560 1946 671 2008 cortex
703 1942 845 2006 eiusdem
882 1943 1065 2007 latitudinis

59 2035 201 2116 paratur,
221 2032 273 2096 cui
292 2030 378 2095 mala
397 2031 501 2096 acutis
521 2031 658 2096 surculis
678 2031 744 2095 suis
764 2030 957 2115 adfiguntur.
988 2035 1066 2095 tunc

59 2123 209 2185 inuersus
236 2124 347 2186 cortex
375 2141 473 2205 supra
499 2120 622 2185 fossam
649 2119 795 2202 ponitur,
823 2122 860 2182 ut
888 2118 974 2184 mala
997 2118 1067 2182 sine

61 2213 167 2274 terras
185 2213 276 2274 tactu
296 2209 583 2293 subterpendentia
601 2208 642 2273 ab
662 2228 773 2271 umore
792 2206 952 2271 defendat.
986 2207 1066 2270 item

61 2298 90 2363 si
117 2298 294 2363 induantur
321 2299 437 2384 argilla
465 2302 498 2363 et
526 2320 564 2362 ea
591 2296 713 2361 siccata
739 2295 811 2360 loco
839 2295 959 2379 frigido
991 2317 1067 2379 pen-

22 2413 48 2454 as
63 2388 166 2451 deant.
202 2387 281 2469 item
300 2387 327 2451 si
347 2387 465 2451 seriola
483 2387 543 2451 sub
563 2386 638 2449 diuo
658 2385 823 2465 obruatur,
847 2405 928 2467 quae
946 2384 1067 2449 habeat
1090 2385 1110 2450 9

61 2474 201 2540 barenas
231 2496 334 2558 usque
367 2476 407 2540 ad
439 2475 580 2539 medium
613 2477 646 2539 et
677 2474 763 2538 mala
795 2495 867 2537 cum
898 2474 1067 2539 tenacibus

133 2690 149 2738 3
168 2684 294 2738 munitur
308 2684 364 2739 SE
375 2687 384 2755 11
398 2691 415 2739 4
428 2685 589 2766 Autumpno
603 2700 670 2738 uero
684 2683 715 2737 E
748 2682 867 2737 habebit
880 2684 910 2737 E
922 2687 931 2754 11
945 2689 961 2736 5
977 2682 1069 2737 multa

63 2755 248 2810 -adlinatur
266 2772 316 2810 om.
328 2773 350 2825 p
379 2756 382 2826 1
413 2755 548 2825 sytimalh
566 2756 605 2822 L,
626 2754 728 2823 tityma
754 2753 773 2822 ',
793 2754 933 2823 titimalli,
951 2753 1068 2808 titimali

63 2828 143 2882 ceteri
152 2828 255 2882 codices
269 2829 278 2896 11
292 2833 308 2881 6
323 2826 462 2896 equaliter
476 2844 574 2880 succus
583 2828 614 2880 E
626 2829 635 2895 11
649 2825 829 2879 ladliniatur
838 2826 869 2879 E
881 2826 890 2895 11
904 2825 1022 2878 8firmat
1031 2826 1067 2892 E,

64 2898 188 2953 affirmat
206 2915 283 2979 cepa
295 2901 334 2968 119
354 2897 474 2968 iungunt
487 2898 518 2951 E
531 2899 536 2965 Ι
551 2900 645 2967 posset
658 2897 685 2950 L
698 2899 707 2966 11
722 2903 755 2950 10
775 2895 872 2965 aprilis
887 2897 914 2951 V
924 2898 933 2965 11
949 2902 980 2948 12
995 2895 1069 2950 inest

63 2986 140 3040 arpa
165 2973 169 3039 Ι
195 2971 352 3038 exs1ccetp
371 2972 375 3040 1
400 2986 495 3023 umore
515 2969 579 3037 PL,
597 2968 712 3022 humore
733 2968 792 3037 QV
815 2970 824 3036 11
852 2973 885 3020 13
903 2966 1012 3036 pacatis
1031 2967 1068 3032 Ε,

63 3040 296 3110 picatis-aliter
313 3056 363 3096 om.
375 3058 397 3109 p
419 3044 427 3109 11
451 3047 484 3094 14
503 3039 577 3094 lecta
595 3041 626 3094 E
649 3041 653 3108 1
678 3041 707 3093 ct
724 3038 754 3091 in
773 3055 829 3106 qua
847 3039 894 3108 ΕΙ
914 3037 960 3091 uel
978 3037 1069 3091 muria

63 3111 190 3166 feruente
208 3114 364 3181 empulo
383 3111 429 3165 dio
449 3129 524 3182 ceps
541 3114 642 3182 lnocte
661 3112 813 3179 0111111117
833 3109 1067 3180 cumautemEl

64 3179 1070 3252 11101111181111111111-0111111111011.Ρ11111(1111911011111

64 3259 98 3308 20
122 3253 388 3309 eiusdem-cortex
410 3271 461 3309 om.
480 3256 507 3308 L
523 3255 528 3322 Ι
543 3251 746 3323 magnitudinis
768 3254 861 3321 iocus
883 3254 892 3320 11
916 3256 947 3303 21
972 3249 1017 3303 cui
1037 3266 1071 3305 ea

63 3325 142 3378 mala
162 3325 188 3380 Gr
212 3327 216 3397 1
242 3323 299 3378 suis
318 3325 430 3397 11101
452 3325 632 3406 adfinguntur
651 3324 674 3393 Q
695 3325 704 3393 11
728 3328 761 3376 13
781 3321 1014 3393 superpendentia
1032 3323 1044 3376 a'
1060 3322 1070 3394 11

63 3401 101 3519 ,24
127 3395 248 3519 {gillias
270 3396 394 3522 Pffig
416 3399 426 3467 11
453 3401 486 3451 rt
511 3396 569 3467 dio,
597 3402 628 3452 ut
650 3411 752 3467 supro,
777 3396 817 3450 stc
838 3393 951 3463 amplas
969 3397 987 3461 t
1003 3392 1081 3445 uriae

77 3485 111 3518 ur
151 3482 285 3533 ,oruan

100 3561 245 3604 Panormus
258 3566 295 3608 ed.
305 3565 446 3616 schmitt.
936 3557 959 3605 Q
