2378 3832
102 168 167 236 228
521 163 690 221 Pfflsltn

103 313 252 382 sufficiet.
284 311 371 396 quod
387 309 418 376 si
434 310 548 375 uinum
565 312 716 374 nascetur
733 308 857 373 uirtute
877 307 1025 394 solidius,
1047 329 1117 373 me-

103 403 208 469 dietas
236 401 362 466 abunde
389 397 563 484 praedictis
590 398 713 484 poterit
740 397 821 462 satis
846 418 918 462 esse
942 397 1116 463 mensuris

295 627 505 695 ROSATVM
529 627 630 694 SINII
653 625 769 694 Rosa
791 626 922 694 FIERI.

51 756 114 824 XV
181 752 277 820 Nune
304 759 451 820 rosatum
483 753 552 819 sine
583 775 660 818 rosa
688 751 788 818 facies
820 752 876 817 sie.
926 751 1009 818 folia
1039 751 1117 819 uitri

106 843 225 910 uiridia
248 848 362 928 sporta
384 844 512 928 palmea
534 842 634 908 missa
653 840 689 906 in
707 841 807 905 musti
824 841 970 906 nondum
989 841 1117 907 feruen-

105 933 150 998 tis
178 954 255 998 uase
283 933 424 1018 depones
449 935 482 997 et
504 930 633 997 alaudes
656 934 691 996 et
712 929 871 1014 exemptis
895 931 1116 1017 quadraginta

106 1021 219 1087 diebus
247 1021 343 1088 melle
368 1020 479 1087 addito
503 1021 545 1086 ad
566 1019 698 1085 modum
720 1019 839 1104 roseti,
864 1039 938 1084 eum
961 1020 1115 1106 placebit,

105 1111 218 1177 uteris.

380 1248 440 1316 DE
463 1247 586 1316 VINIS
610 1247 838 1316 POMORVM.

53 1375 134 1443 XVI
200 1375 272 1443 Hos
294 1397 403 1441 mense
427 1375 548 1460 omnia,
576 1395 660 1458 quae
682 1373 763 1440 loeis
792 1373 859 1438 suis
882 1373 1051 1460 leguntur,
1078 1395 1115 1439 ex
1145 1403 1158 1438 ι

107 1464 215 1551 pomis
236 1465 314 1530 uina
337 1464 497 1531 conficies.

435 1693 494 1758 DII
519 1691 790 1759 OENOMELLI.

55 1816 152 1885 XVII
218 1816 363 1881 Mustum
389 1817 428 1882 de
457 1818 635 1883 maioribus
662 1823 698 1883 et
724 1817 865 1904 egregiis
893 1817 1019 1883 uitibus
1042 1821 1115 1902 post

109 1904 232 1991 uiginti
259 1904 340 1990 dies,
368 1927 466 1990 quam
493 1906 638 1972 leuatum
660 1906 760 1972 fuerit
782 1929 821 1972 ex
843 1907 932 1991 lacu,
958 1911 1114 1989 quantum

109 1994 266 2080 uolueris,
298 2016 404 2060 sumes
433 2000 466 2060 et
493 1995 524 2061 ei
550 1996 657 2062 mellis
683 2018 750 2061 nou
782 1995 965 2079 despumati
1000 1995 1143 2080 optimis

110 2084 258 2168 quintam
280 2088 408 2168 partem
430 2084 520 2168 prius
543 2085 657 2150 tritam
679 2084 818 2168 fortiter,
840 2084 942 2149 donea
961 2084 1114 2169 albescat,

111 2172 305 2238 admiscebis
329 2176 362 2237 et
385 2173 527 2259 agitabis
551 2195 589 2238 ex
613 2195 715 2239 sanna
735 2172 881 2239 radicata
899 2172 1114 2239 uehementer.

68 2262 89 2327 2
112 2262 260 2327 mouebis
279 2266 388 2327 autem
408 2263 454 2328 sie
472 2284 530 2347 per
549 2262 618 2327 dies
637 2261 852 2347 quadraginta
868 2261 1043 2328 continuos
1057 2262 1115 2345 uel,

111 2350 197 2434 quod
220 2355 270 2415 est
294 2351 422 2434 melius,
447 2351 695 2437 quinquaginta,
724 2351 845 2433 itaut,
869 2371 944 2415 eum
967 2351 1116 2435 moueris,

110 2438 230 2503 mundo
253 2439 355 2504 linteo
379 2444 481 2526 tegas,
503 2461 561 2524 per
585 2440 670 2524 quod
692 2439 787 2505 facile
809 2438 971 2504 eonfeetio
991 2445 1145 2505 aestuas

110 2525 220 2590 bunda
247 2529 395 2610 suspiret.
440 2532 516 2614 post
542 2528 610 2592 dies
633 2549 711 2614 ergo
735 2528 974 2613 quinquaginta
998 2530 1115 2594 munda

111 2635 211 2679 manu
227 2617 392 2702 purgabis,
415 2618 638 2701 quodcumque
657 2616 890 2701 supernatabit.
927 2616 962 2682 in
982 2618 1114 2684 uasculo

184 2756 198 2806 1
217 2753 343 2808 nascitur
350 2772 440 2810 omnes
453 2757 462 2825 ΙΙ
476 2754 572 2809 asatis
602 2755 686 2809 eterit
694 2757 725 2810 E
735 2759 746 2825 ΙΙ
759 2754 896 2825 bpalmae
906 2755 955 2826 θΙΙ
969 2755 1103 2810 buasaF

112 2822 228 2893 deponis
238 2825 295 2879 PL
304 2826 465 2880 VSETFs'
477 2829 487 2896 I
501 2833 516 2880 7
530 2774 730 2897 melieomffl
747 2827 903 2880 adm0d0L
940 2826 1102 2882 evmou

113 2901 146 2948 10
165 2894 192 2949 Ie
213 2897 297 2949 untur
316 2895 373 2949 suis
390 2898 421 2951 E
433 2900 437 2966 Ι
457 2902 489 2950 12
508 2897 556 2950 DE
575 2896 764 2952 YNOIIIILLI
782 2898 840 2952 PL
850 2897 907 2952 Vs
934 2897 1009 2966 ,DE
1029 2898 1095 2952 VIN

111 2913 271 3021 Manilio
290 2968 332 3036 E,
356 2967 405 3021 DE
453 2968 584 3023 enomelli
604 2971 628 3037 i,
652 2968 694 3050 De
716 2967 864 3023 oenomelli
883 2986 955 3040 acy,
981 2969 1016 3023 de
1035 2986 1117 3024 oens

111 3036 227 3092 melles
248 3040 258 3108 11
281 3044 314 3093 14
332 3054 367 3092 ex
384 3038 475 3092 latum
492 3041 523 3093 E
538 3043 548 3109 ΙΙ
567 3046 599 3093 15
619 3057 704 3094 sumis
722 3057 812 3094 omues
827 3046 937 3108 praeter
956 3040 1004 3112 Gt
1024 3039 1117 3110 dispu-

112 3107 183 3162 mati
201 3125 291 3163 ornnes
305 3117 413 3178 praeter
431 3111 458 3164 V
472 3117 497 3165 et
514 3112 556 3181 (in
572 3112 639 3181 rus.)
659 3111 685 3166 G
701 3113 705 3181 Ι
721 3109 821 3180 optimi
838 3127 927 3180 om.p
948 3112 959 3180 ΙΙ
983 3117 1016 3165 16
1036 3129 1117 3181 quar·

112 3181 172 3232 tam
181 3179 219 3234 8²
234 3183 239 3248 Ι
254 3179 331 3249 prius
345 3198 395 3235 om.
402 3199 424 3250 p
437 3182 446 3251 ΙΙ
461 3187 494 3235 17
510 3181 646 3237 admisces
656 3199 746 3237 omnes
761 3184 765 3252 Ι
782 3184 811 3236 et
824 3198 858 3235 ex
868 3183 899 3236 E
913 3184 917 3253 Ι
933 3181 1032 3237 radiat
1043 3182 1118 3255 Pet

115 3254 148 3302 18
166 3249 562 3322 continuos-quinquaginta
585 3269 635 3307 mn.
656 3254 683 3308 G
703 3256 714 3324 t
737 3258 770 3306 19
793 3252 976 3308 commoneris
996 3254 1031 3321 G,
1056 3271 1118 3308 cum

115 3321 404 3449 1111111110
422 3323 1117 3465 111111111111111111111111

109 3462 156 3512 tet
170 3461 244 3517 S¹E
253 3467 262 3536 Ι
277 3467 373 3520 autem
388 3438 441 3538 giro
460 3483 526 3538 ergo
544 3483 621 3536 aega
636 3439 762 3535 tmuida
777 3483 863 3521 manu
880 3483 931 3522 om.
943 3412 1118 3537 11121103-

105 3544 154 3584 '38
171 3548 268 3594 omna
279 3546 397 3609 praeter
412 3542 455 3614 pt
472 3538 553 3597 etin
569 3554 650 3593 uase.
669 3554 748 3607 aeus
