2378 3832
104 173 174 239 222
524 172 695 226 PALLADE

105 325 205 384 ruunt
228 323 261 383 et
278 319 348 402 pini
367 340 476 383 semen
496 322 682 405 aspergunt.
717 318 780 384 hoc
799 340 909 384 mense
929 339 1027 404 poma
1045 340 1112 384 con·

106 408 221 473 dienda
237 411 314 472 sunt
329 410 426 491 atque
441 408 600 472 seruanda
613 428 652 473 eo
666 428 768 494 more,
785 408 901 492 quoin
912 407 1112 494 singulorum

104 497 212 561 titulis
236 495 430 579 continetur,
453 495 545 561 uelut
569 518 714 581 quaeque
738 501 869 561 matura
889 497 1112 580 processerint

485 725 545 791 DE
569 724 738 793 APIBVS.

52 850 136 916 XIII
202 849 275 914 Hoc
307 850 406 914 etiam
438 872 548 914 mense
581 850 725 915 cluearia
757 851 989 915 castrabuntur
1020 872 1140 933 morer

107 961 172 1024 quo
196 939 320 1004 dictum
343 944 400 1004 est.
445 960 526 1022 quae
550 942 661 1003 tamen
684 942 816 1023 oportet
838 939 1001 1024 inspicere
1024 943 1066 1023 et,
1086 940 1113 1004 si

107 1027 307 1094 abundantia
321 1032 381 1110 est,
399 1028 535 1110 demere,
556 1027 584 1091 si
599 1028 816 1110 mediocriter,
834 1031 963 1112 partem
978 1029 1113 1094 mediam

106 1117 289 1202 relinquere
317 1137 377 1200 pro
404 1116 522 1180 hiemis
550 1115 673 1201 inopia:
707 1118 734 1181 si
767 1139 845 1182 uero
878 1117 1039 1182 steriIItcs
1065 1117 1112 1181 cd·

106 1211 200 1291 paret
227 1205 261 1269 in
290 1204 393 1287 cellis,
425 1204 473 1268 nil
500 1226 634 1289 prorsus
662 1205 797 1270 auferre.
843 1205 949 1271 mellis
977 1227 1057 1271 uero
1083 1208 1112 1270 et

107 1317 199 1360 cerae
223 1294 370 1378 superius
394 1297 445 1358 est
468 1293 692 1359 demonstrata
714 1294 884 1360 confectio.
1121 1318 1139 1359 ιο

107 1505 226 1583 QVAE
258 1504 424 1572 GRAECI
452 1505 540 1570 VEL
568 1505 662 1572 ALII
697 1506 840 1573 SVPER
867 1504 983 1572 VINA
1019 1504 1112 1575 0οΝ-

229 1610 402 1676 DIENDA
425 1610 731 1688 OVRANDAQVE
756 1611 999 1678 DIXERVNT.

53 1735 152 1802 XIIII
220 1734 270 1800 Ne
289 1736 377 1801 lecta
392 1741 603 1821 praeteream,
623 1760 705 1822 quae
720 1735 836 1803 Gracci
855 1760 915 1802 sua
932 1737 998 1804 fide
1012 1738 1112 1803 medic

108 1826 146 1889 de
180 1824 350 1889 condiendi
383 1824 451 1890 uini
484 1847 601 1910 genere
633 1827 857 1910 disputarunt,
893 1827 1111 1892 demonstrare

109 1913 233 1978 curaui:
266 1914 322 1998 qui
351 1914 420 1978 uini
447 1919 599 1980 naturam
626 1915 686 1980 tali
714 1915 840 1980 ratione
868 1915 1058 1981 discernunt
1083 1919 1138 1981 eto

108 2003 192 2069 hanc
215 2004 249 2067 in
277 2025 315 2068 eo
343 2003 459 2068 uolunt
487 2025 557 2068 esse
587 2004 791 2087 distantiam,
823 2007 874 2086 ut,
906 2005 994 2090 quod
1026 2005 1112 2070 dulce

108 2097 168 2176 est,
187 2092 321 2177 grauius
342 2091 460 2176 dicant,
479 2093 564 2176 quod
583 2092 694 2158 album
713 2098 746 2158 et
760 2094 966 2178 aliquatenus
987 2092 1112 2176 salsum,

109 2181 281 2246 conuenire
305 2182 441 2265 uesicae,
465 2181 550 2264 quod
570 2203 682 2247 croceo
702 2181 811 2246 colore
828 2182 1006 2265 blanditur,
1028 2182 1112 2268 dige

109 2271 209 2335 stioni
233 2271 486 2353 accommodum,
510 2271 596 2353 quod
620 2270 731 2335 album
754 2275 788 2335 et
811 2271 1001 2356 stypticum,
1024 2270 1112 2356 prod-

109 2381 179 2423 esse
203 2358 372 2424 stomacho
394 2358 525 2423 laxiori:
552 2359 806 2424 transmarinum
829 2359 989 2445 pallorem
1012 2360 1139 2425 faccrcro

109 2451 142 2510 et
160 2451 289 2512 tantum
306 2448 498 2532 sanguinem
512 2468 578 2512 non
593 2469 713 2513 creare:
732 2449 806 2513 uuis
819 2447 924 2534 nigris
938 2449 1010 2513 fieri
1023 2448 1112 2531 forte,

64 2535 86 2599 2
109 2533 218 2598 rubeis
242 2558 349 2620 suaue,
373 2535 456 2601 albis
479 2557 557 2602 uero
575 2537 765 2621 plerumque
784 2538 953 2602 mediocre.
991 2539 1027 2603 in
1045 2559 1112 2603 con·

108 2622 224 2688 diendo
249 2645 326 2710 ergo
350 2624 427 2690 uino
447 2625 547 2710 aliqui
567 2623 764 2690 Graecorum
783 2630 929 2691 mustum
946 2626 1112 2692 decoctum

109 2712 149 2777 ad
173 2712 381 2777 medietatem
403 2714 457 2778 uel
478 2714 608 2778 tertiam
627 2719 755 2799 partem
774 2715 851 2780 uino
870 2713 1024 2780 adiciunt
1061 2714 1112 2779 alii

110 2799 226 2866 Graeci
249 2801 297 2865 ita
318 2801 447 2884 iubent,
474 2824 591 2886 aquam
614 2802 773 2868 marinam
795 2803 948 2868 mundam
973 2803 1012 2868 de
1035 2821 1141 2889 puroet

108 2895 141 2954 et
166 2889 275 2974 quieto
300 2891 395 2974 mari,
424 2913 521 2974 quam
546 2913 630 2956 anno
654 2895 729 2956 ante
752 2892 989 2977 conplcuerint,
1017 2913 1112 2957 reser-

179 3034 195 3082 2
207 3027 392 3084 custodienda
397 3046 450 3098 pro
460 3031 600 3084 seruanda
608 3031 639 3084 E
646 3030 655 3102 ll
665 3036 680 3083 3
690 3033 885 3101 processerrmt
893 3031 921 3084 V
945 3037 960 3084 7
972 3047 1064 3085 emere
1075 3028 1114 3155 Vql

108 3106 124 3154 8
148 3099 289 3154 sterefitas
311 3101 339 3155 L
361 3103 365 3170 ι
393 3107 409 3153 9
432 3100 503 3154 nihil
522 3102 568 3172 Pl
588 3117 655 3156 uero
678 3119 728 3157 om.
743 3102 774 3156 Ε
794 3106 798 3172 Ι
827 3108 858 3156 11
879 3102 901 3166 Q
986 3103 1019 3157 E
1070 3101 1092 3155 Ε

107 3171 200 3225 ALIIS
220 3173 250 3226 Ε
270 3175 279 3242 ΙΙ
302 3178 335 3225 12
355 3104 554 3235 dVRAMQVE
573 3173 615 3241 E,
639 3171 787 3226 CURAND
844 3173 875 3237 Q:
896 3172 922 3228 G
943 3176 953 3243 l
978 3180 1011 3228 1³
1035 3105 1114 3227 llunc

105 3258 158 3311 pro
172 3258 208 3297 ne
224 3242 258 3310 G,
277 3242 415 3313 Neglecta
428 3244 459 3297 Ε
473 3245 477 3314 l
492 3247 639 3313 praeterea
652 3244 684 3297 Ε
697 3245 702 3314 Ι
718 3261 770 3298 sua
783 3261 833 3299 om.
847 3245 878 3299 E
890 3245 899 3314 ΙΙ
914 3250 946 3299 19
965 3244 1113 3300 conuenire

105 3330 158 3381 pro
177 3314 358 3368 accomodum
372 3332 394 3383 p
409 3317 413 3383 Ι
430 3313 574 3384 stipticum
587 3315 670 3383 Por,
689 3314 821 3384 stipicum
836 3315 863 3369 Ε
876 3318 886 3384 ΙΙ
900 3321 932 3369 21
952 3318 1050 3371 tamen
1063 3330 1114 3386 pro

108 3385 257 3454 tantump
281 3387 286 3455 1
310 3384 360 3439 Vis
375 3402 429 3454 pro
446 3385 547 3455 uuisp
571 3390 575 3456 Ι
600 3389 691 3441 fronte
706 3404 728 3455 p
750 3388 759 3455 ΙΙ
782 3391 816 3439 23
838 3385 927 3456 igitur
944 3386 1044 3442 uinum
1063 3387 1090 3442 θ
1104 3385 1113 3458 l

108 3459 142 3507 24
164 3454 262 3524 Aliqui
280 3455 347 3524 SE,
370 3455 447 3510 Alii
469 3459 479 3528 lt
501 3462 535 3510 25
562 3457 605 3512 ita
627 3475 677 3512 om.
695 3475 715 3526 p
740 3459 746 3526 l
769 3457 934 3511 sumendam
957 3475 1010 3528 pro
1036 3475 1113 3515 mun·

95 3524 162 3577 dam
181 3527 217 3580 Ε
222 3529 238 3598 sl
252 3533 286 3582 26
305 3531 374 3585 ante
395 3546 471 3586 anno
491 3529 520 3586 Ε
