2378 3832
105 150 173 215 200
528 149 698 204 PALLADII

153 293 235 360 XIII
264 295 313 360 De
327 295 446 360 hortis:
467 294 501 359 in
516 317 553 360 co
572 297 612 360 dc
630 319 801 381 papauere,
819 297 976 380 brassica,
992 299 1096 383 thymo,

266 383 410 469 origano,
435 385 568 468 cappari
586 407 661 450 cum
680 386 871 470 disciplinis,
894 387 976 452 item
992 391 1095 452 nastur-

265 473 322 556 tio,
337 473 465 556 anetho,
479 473 653 559 radicibus,
671 474 859 559 pastinacis,
875 476 1033 561 cerefolio,
1048 477 1095 540 lac·

265 565 353 646 tuca,
375 561 476 646 betis,
499 562 684 644 coriandro,
707 564 795 648 rapis
819 567 853 628 et
875 563 979 649 napis.

133 647 233 713 XIIII
262 648 310 714 De
333 650 452 733 pomis:
476 651 510 715 in
533 673 571 715 eo
595 652 634 716 de
658 651 780 717 tubero.
1112 675 1121 714 a

171 737 233 802 XV
264 738 313 802 De
337 738 534 823 pauimentis
558 741 753 805 solariorum
777 739 810 806 et
831 741 999 807 lateribus.

154 826 232 891 XVI
265 827 314 892 De
337 828 492 893 diamoro

138 915 235 981 XVII
264 915 313 980 De
337 917 503 981 scruaudis
527 917 609 982 uuis.

120 1004 233 1069 XVIII
265 1006 312 1070 De
335 1005 417 1089 uite,
441 1005 531 1071 cuius
555 1005 680 1072 fructus
704 1029 816 1072 umore
839 1008 1009 1093 putrescit.

105 1093 235 1158 XVIIII
265 1093 313 1159 De
336 1094 436 1158 horis.
1106 1118 1123 1156 o

224 1483 283 1549 DII
308 1483 439 1549 sams
464 1482 706 1550 PINGVIBVS
729 1483 999 1552 TERTIANDIS

106 1589 194 1656 VEL
208 1589 447 1656 INPLENDIS
462 1589 685 1676 EXILIBVS,
704 1588 764 1655 DII
781 1588 1103 1659 STEROORANDO.

53 1716 69 1780 I
173 1714 245 1780 Hoc
274 1737 397 1801 mense,
424 1737 502 1801 ager
528 1715 661 1800 pinguis
689 1720 722 1779 ct
752 1715 807 1799 qui
830 1715 885 1780 diu
908 1721 1020 1782 tencre
1044 1739 1102 1783 con-

107 1804 215 1869 sueuit
238 1825 399 1890 umorem,
426 1805 526 1870 tertia
549 1805 620 1869 uice
644 1804 802 1888 arabItur,
831 1805 983 1888 quamuis
1006 1806 1103 1870 umido

107 1915 191 1958 anno
223 1894 329 1977 possit
362 1898 395 1957 et
426 1898 523 1958 antea
554 1891 689 1958 tertiari.
738 1915 823 1958 nunc
861 1915 941 1978 ager
977 1895 1132 1972 umidusu

105 1984 237 2067 planus,
269 1981 375 2072 erilis,
409 2005 504 2066 quem
536 1983 642 2066 primo
675 1986 813 2063 augusto
847 1983 934 2047 arari
966 1983 1104 2048 diximus.

106 2073 243 2135 Iteratur
263 2094 300 2136 ac
319 2070 446 2136 scultur.
484 2072 622 2157 graciles
644 2071 721 2136 oliui
740 2092 824 2135 nunc
842 2072 986 2156 prImum
1005 2070 1105 2137 arandi

61 2162 83 2226 2
108 2165 240 2226 suntet
264 2160 390 2225 serendi
414 2161 526 2225 statim
549 2161 634 2225 cirea
653 2160 902 2243 aequinoctium.
941 2162 1014 2247 agri
1032 2184 1107 2228 nuno

108 2249 307 2314 stercorandi
326 2253 411 2332 sunt,
430 2251 484 2314 sed
503 2250 538 2314 in
557 2250 638 2315 colle
659 2249 806 2333 spissius,
823 2248 858 2312 in
878 2271 993 2334 campo
1012 2251 1106 2315 rarius

107 2337 282 2402 lactamina
305 2336 532 2421 disponentur,
556 2359 629 2402 cum
651 2338 729 2402 luna
753 2337 924 2402 minuitur:
954 2361 1038 2422 quac
1064 2361 1136 2402 resa

108 2426 135 2490 si
165 2432 324 2509 seruetur,
352 2427 461 2491 herbis
485 2427 614 2492 officiet.
659 2426 717 2490 uni
738 2425 853 2512 iugero
868 2426 999 2491 'adserit
1023 2427 1107 2495 Colu-

107 2513 205 2578 mella
227 2515 346 2599 uiginti
371 2518 525 2599 quattuor
548 2516 699 2581 stercoris
723 2519 877 2599 carpenta
900 2516 1059 2601 sufficere,
1079 2517 1108 2580 in

107 2603 204 2686 plano
227 2624 305 2666 uero
329 2604 440 2668 decem
464 2609 496 2669 et
520 2608 603 2669 octo.
641 2605 697 2669 sed
719 2603 819 2669 iidem
843 2605 964 2669 cumuli
984 2609 1037 2671 tot
1054 2605 1108 2670 dis-

107 2691 235 2775 sipandi
263 2696 352 2776 sunt,
380 2698 461 2777 quot
489 2715 527 2758 ea
552 2694 603 2758 die
626 2697 780 2778 poterunt
802 2693 941 2776 exarari,
968 2716 1010 2759 ne
1034 2698 1108 2760 ster-

179 2865 389 2921 1ineodemc'
414 2869 418 2937 Ι
439 2867 535 2936 thymo
554 2868 648 2924 omi}
674 2871 683 2939 ΙΙ
711 2874 726 2921 2
749 2867 806 2921 suis
825 2869 933 2923 adducat
951 2870 985 2922 ia
1015 2871 1019 2937 Ι
1048 2869 1111 2923 item

107 2936 206 3007 githa
232 2940 242 3006 ΙΙ
270 2944 285 2990 3
308 2938 459 3007 pastinatis
485 2939 511 2994 G
536 2942 540 3007 Ι
566 2939 697 2994 ocrofolio
719 2939 745 2994 G
771 2942 780 3020 l
808 2946 824 2992 4
848 2939 993 2994 coliandro
1016 2940 1111 3004 nvo,

107 3007 261 3062 coriandris
280 3026 298 3062 a
311 3012 350 3078 llo
369 3009 470 3064 tubure
489 3011 606 3080 PLVll
625 3017 640 3064 6
660 3009 796 3064 faciendis
815 3011 894 3066 addit
912 3010 935 3065 S
951 3014 960 3081 l
979 3017 994 3064 7
1015 3011 1112 3066 Dedia

106 3097 204 3133 maron
225 3079 262 3147 G,
286 3079 327 3133 De
354 3079 498 3134 diamoron
517 3084 596 3136 ceteri
610 3088 721 3150 practer
738 3081 782 3135 Sa
808 3083 817 3151 ΙΙ
846 3087 878 3134 12
897 3081 946 3135 DE
967 3081 1112 3137 STERCO-

106 3149 233 3204 RANDO
249 3167 298 3205 ooo
313 3152 350 3218 E,
370 3153 399 3204 et
417 3151 451 3203 de
471 3154 649 3207 stercorando
663 3154 742 3208 babet
755 3170 769 3206 c
782 3155 792 3222 ΙΙ
807 3158 839 3206 13
850 3152 1009 3234 Septembri
1023 3169 1113 3209 mense

107 3239 184 3292 ceps
197 3224 206 3291 ΙΙ
222 3227 254 3275 14
273 3224 302 3274 εὴ
320 3221 435 3274 humido
453 3223 487 3292 il}
506 3229 539 3276 16
558 3223 650 3278 cxillis
669 3226 697 3278 P
713 3227 722 3294 ΙΙ
742 3230 774 3277 17
799 3226 828 3277 et
847 3227 949 3277 seritur
971 3226 1090 3296 Ticcpa
1109 3225 1112 3295 l

107 3292 227 3361 graciles
246 3291 314 3346 oliui
332 3309 382 3347 om.
406 3293 433 3347 V
458 3292 462 3364 l
491 3293 580 3361 primo
599 3296 630 3348 E
657 3297 661 3364 l
692 3293 791 3350 arandi
815 3297 844 3348 et
867 3295 977 3349 serendi
996 3300 1062 3351 sunt
1079 3297 1108 3363 ij

108 3368 141 3416 18
165 3363 262 3417 statim
284 3381 373 3432 occup
402 3363 405 3431 l
436 3363 510 3417 eirca
528 3382 577 3420 oon.
600 3367 625 3421 G
651 3369 660 3435 ll
694 3372 726 3419 19
750 3364 849 3420 rarius.
877 3365 1045 3422 Lactamina
1062 3367 1109 3437 El

107 3439 142 3487 ί30
168 3433 353 3502 disponuntur
378 3435 434 3488 SE
462 3437 472 3504 ΙΙ
510 3442 542 3489 21
567 3437 661 3490 herbis
690 3437 714 3491 si
742 3440 868 3491 seruetur
895 3454 985 3492 omme
1009 3445 1116 3508 praeter

97 3506 240 3576 Eaeysls
251 3511 286 3560 23
302 3505 419 3576 planem
441 3506 490 3578 Gll
502 3506 581 3563 idem
602 3509 816 3574 EGVFtltha
833 3508 933 3561 eadem
951 3509 994 3560 Ele
