2378 3832
455 108 713 165 leuiore-12
1022 110 1088 175 205

71 278 194 322 rursus
218 259 382 340 aequetur.
418 278 494 320 nam
517 260 613 339 prata
636 255 761 319 sterilia
784 257 973 340 plerumque
997 278 1087 321 arare

70 344 262 412 conueniet.
308 345 363 410 sed
391 345 426 408 in
452 366 538 410 nouo
566 348 661 428 prato
684 366 764 427 rapa
787 365 952 410 conserere
976 367 1088 428 possu-

72 457 165 519 mus,
199 456 336 518 quorum
369 455 473 498 messe
505 433 599 497 finita
627 438 747 519 cetera,
779 455 860 516 quae
888 435 976 499 dicta
1003 438 1088 518 sunt,
1162 475 1164 479 -

75 545 282 608 exequemur.
314 522 432 587 niciam
450 527 561 586 tamen
579 522 645 586 feni
664 523 842 587 seminibus
861 524 999 587 mixtam
1012 527 1088 606 post

39 612 161 677 shaec
185 632 384 697 spargemus.
420 610 521 699 rigari
541 633 629 696 uero,
653 615 827 694 antequam
846 611 963 675 durum
983 613 1088 676 solum

77 701 208 786 fecerit,
235 721 301 764 non
328 700 472 782 debebit,
499 721 539 764 ne
567 700 636 764 eius
665 703 787 764 cratem
815 701 921 764 minus
952 701 1088 765 solidam

77 791 129 855 uis
152 789 298 854 interflui
322 792 509 873 corrumpat
531 789 664 854 umoris.

264 1019 324 1085 DE
348 1017 575 1086 VINDEMIA
599 1017 906 1084 CELEBRANDA.

145 1145 218 1210 Hoc
242 1165 351 1209 mense
374 1144 455 1209 locis
478 1135 596 1228 tepidis
620 1143 856 1228 maritimisque
880 1143 1071 1207 celebranda
1096 1141 1142 1206 XI

39 1254 67 1296 io
81 1233 245 1299 uindemia
271 1237 335 1319 eet,
361 1232 492 1318 frigidis
521 1232 713 1316 adparanda.
759 1232 793 1296 in
821 1232 917 1296 doliis
943 1231 1089 1314 picandis

79 1323 134 1387 hic
166 1323 280 1387 modus
313 1322 391 1407 erit,
427 1326 466 1386 ut
498 1322 621 1385 dolium
653 1321 866 1386 ducentorum
899 1320 1090 1405 congiorum

79 1412 250 1477 duodecim
276 1410 369 1475 libris
396 1411 524 1494 picetur
552 1412 585 1474 et
612 1410 725 1474 deinde
752 1432 812 1494 pro
836 1409 971 1474 minoris
994 1410 1089 1474 aesti-

80 1501 224 1566 matione
248 1500 417 1565 subducas.
455 1500 511 1564 sed
529 1499 752 1564 maturitatem
771 1497 952 1563 uindemiae
972 1520 1089 1584 cogno-

80 1590 202 1655 scimus
230 1590 292 1654 hoc
318 1610 448 1675 genere:
477 1589 505 1652 si
529 1610 681 1672 expressa
702 1610 767 1653 uua
789 1587 927 1672 uinaria,
950 1610 1032 1672 quae
1055 1589 1090 1652 in

42 1700 67 1744 15
80 1679 183 1743 acinis
208 1679 363 1761 celentur,
385 1678 448 1742 hoo
472 1681 523 1742 est
546 1699 656 1763 grana,
679 1678 745 1742 sint
768 1677 860 1742 fusca
883 1681 916 1741 et
934 1678 1091 1741 nonnulla

79 1767 316 1852 propemodum
346 1767 459 1851 nigra:
495 1788 593 1850 quam
625 1788 694 1831 rem
726 1767 885 1831 naturalis
918 1766 1090 1830 maturitas

79 1855 171 1921 facit.
201 1855 423 1941 diligentiores
444 1856 586 1938 optimae
606 1877 697 1920 cerae
711 1856 746 1919 in
759 1855 879 1941 uiginti
892 1855 974 1939 picis
989 1855 1089 1919 libras
1113 1855 1133 1918 2

79 1967 181 2010 unam
202 1943 321 2009 libram
344 1944 491 2029 miscent,
514 1966 595 2027 quae
619 1948 651 2008 et
670 1944 762 2008 odori
779 1944 910 2027 proficit
928 1947 962 2007 et
982 1944 1091 2026 sapori

80 2037 116 2099 et
134 2035 239 2119 picem
258 2034 395 2098 lenitate
413 2032 616 2118 permulcens
634 2031 812 2116 frigoribus
832 2053 903 2095 eam
921 2052 987 2095 non
1005 2031 1091 2115 pati-

40 2148 65 2190 ao
79 2128 137 2189 tur
164 2122 313 2188 dissilire.
359 2123 441 2206 picis
469 2125 579 2186 tamen
609 2125 708 2205 gustu
736 2119 933 2203 exploranda
955 2120 1090 2184 dulcedo

81 2216 150 2297 est,
173 2212 249 2295 quia
272 2233 368 2295 saepe
391 2212 468 2275 uina
492 2211 560 2275 eius
584 2208 797 2273 amaritudine
819 2208 988 2274 uitiantur.

79 2404 143 2472 DE
167 2405 331 2473 PANIOO
355 2405 414 2471 ΕΤ
437 2405 562 2471 MILIO
587 2402 814 2470 METENDIS
838 2404 895 2468 ΕΤ
919 2401 1089 2470 Flauio
1164 2383 1172 2399 ⁰

158 2513 219 2578 AD
243 2511 391 2580 ESOAM
414 2511 621 2578 SERENDO
646 2512 703 2576 ΕΤ
726 2509 1014 2577 ADPARANDIS

481 2617 698 2684 AVOVPIIS.

39 2772 65 2814 se
149 2745 243 2810 Nunc
258 2744 452 2828 quibusdam
466 2743 546 2808 locis
556 2742 708 2827 panicum
723 2747 864 2808 metetur
878 2747 911 2808 et
926 2742 1061 2806 milium.
1080 2740 1145 2805 Xll

83 2842 232 2920 tempore
255 2834 318 2899 hoc
340 2833 461 2898 faselus
485 2833 525 2896 ad
549 2854 656 2897 escam
680 2837 814 2898 seratur.
856 2854 941 2896 nunc
962 2830 997 2895 in
1015 2829 1092 2894 ami-

155 3053 171 3098 2
191 3045 221 3098 in
240 3047 322 3114 prato
340 3061 414 3099 nouo
428 3060 526 3112 rapam
540 3043 571 3096 E
582 3046 591 3112 ll
606 3047 622 3097 3
641 3059 701 3097 esse
716 3044 742 3097 V
752 3045 790 3113 {lt
811 3041 895 3095 debet
909 3042 940 3095 E
950 3043 960 3111 ll
975 3045 989 3093 7
1007 3038 1093 3093 inter-

81 3120 198 3188 rumpat
207 3117 238 3170 E
250 3118 259 3186 ΙΙ
274 3121 308 3169 10
322 3115 352 3168 in
367 3115 450 3169 doliis
464 3113 591 3184 picandis
600 3121 646 3168 etc.
653 3122 716 3183 post
729 3115 778 3167 sed
792 3111 984 3167 maturitatem
997 3117 1043 3165 etc.
1058 3111 1092 3183 Sl

84 3197 118 3243 12
133 3187 287 3258 proicietur
302 3187 328 3242 G
343 3193 347 3254 1
364 3189 393 3241 et
407 3203 456 3241 om.
471 3187 541 3256 irps
557 3186 561 3256 Ι
577 3184 759 3240 extimatione
772 3187 784 3238 i
797 3187 806 3253 ΙΙ
821 3190 853 3237 17
868 3183 974 3253 optimo
989 3198 1090 3236 carere.

82 3262 116 3314 In
126 3260 157 3314 F
170 3261 174 3330 l
191 3274 272 3314 cerae
286 3275 335 3313 om.
346 3258 377 3312 E
391 3260 395 3327 Ι
411 3258 507 3311 decem
520 3258 613 3327 ineps
626 3259 635 3327 ll
650 3263 682 3310 19
698 3256 819 3310 sanitate
825 3253 1075 3378 pppermisoensi

83 3338 117 3385 21
138 3329 236 3384 uitiari
249 3329 340 3383 solent
353 3330 390 3398 Ε,
405 3327 563 3383 amaritudo
580 3328 764 3398 corrumpitp
777 3330 786 3397 ΙΙ
800 3333 833 3379 22
876 3325 1001 3380 ΑΝΙΤΙΟ
1016 3325 1072 3379 SE

84 3408 119 3457 23
138 3400 368 3456 APPARENDIS
386 3398 538 3454 AUCUPIS
555 3399 617 3454 EG
629 3402 641 3470 ll
653 3406 685 3452 25
704 3397 840 3468 punicum
855 3398 893 3466 V„
906 3396 1057 3467 panicium

78 3472 220 3542 panicium
238 3473 273 3527 Ε
279 3475 293 3542 ΙΙ
306 3479 339 3527 26
358 3471 389 3526 in
409 3472 547 3529 amitibus
566 3490 658 3544 osup

1092 3436 1103 3456 N
