2378 3832
103 141 167 206 184
519 139 689 194 PALLADII
749 147 752 150 ’

102 286 209 352 medio
231 285 358 370 palmae
381 286 493 370 planto
514 283 713 350 circumfodi.
748 305 835 349 nuno
852 284 935 349 locis
954 288 1115 367 tempera-

103 376 147 440 tis
172 374 343 459 amygdala
365 378 494 439 matura
516 377 592 438 sunt
615 374 655 437 ad
678 374 859 458 legendum.
920 452 923 457 .

443 603 503 668 DE
527 601 764 668 ARMENTIS.

52 728 119 794 lIII
186 729 258 794 Hoc
285 732 431 812 tempore
459 727 598 791 maxime
624 727 728 792 tauris
756 725 1010 792 summittendae
1038 731 1107 791 aunt

106 839 232 903 uaccae,
255 816 330 901 quia
349 817 458 880 decem
477 837 624 880 mensum
641 819 755 899 partus
774 815 830 881 sic·
840 816 966 900 poterit
985 819 1104 881 maturo
1125 839 1134 880 r

105 928 181 970 uere
204 903 364 971 concludi:
387 910 420 969 et
444 909 567 969 certum
590 909 639 968 est
659 926 713 969 eas
731 908 807 988 post
824 926 962 969 uernam
979 904 1104 990 pingue-

106 995 214 1059 dinem
237 995 414 1079 gestientes
437 992 565 1057 ueneris
588 1014 697 1057 amare
719 992 898 1059 lasciuiam.
934 993 994 1057 uni
1018 998 1101 1058 tauro

107 1083 290 1166 quindecim
320 1104 435 1148 uaccas
468 1080 649 1147 Columella
682 1080 802 1146 adserit
833 1103 930 1166 posse
963 1081 1101 1148 sufficere

107 1174 355 1255 curandumque,
372 1193 413 1235 ne
432 1170 600 1254 concipere
617 1174 781 1254 nequeant
793 1171 966 1235 nimietate
979 1170 1099 1257 pingue

106 1260 199 1324 dinis.
235 1260 263 1324 si
286 1259 485 1324 abundantia
507 1257 619 1342 pabuli
641 1259 743 1323 estin
761 1259 904 1343 regione,
928 1280 994 1343 qua
1012 1258 1098 1344 pasci·
1111 1281 1128 1321 o

106 1371 187 1431 mus,
204 1352 316 1433 potest
334 1347 427 1412 annis
447 1349 596 1412 omnibus
615 1349 650 1411 in
666 1347 807 1411 feturam
823 1369 923 1413 uacca
936 1347 1101 1413 summitti:

106 1437 134 1500 si
152 1459 231 1501 uero
249 1436 413 1522 indigetur
431 1436 492 1500 hoc
511 1457 637 1521 genere,
661 1436 794 1500 alternis
816 1437 1022 1519 temporibus
1041 1459 1102 1502 one

107 1525 225 1589 rendae
246 1529 322 1589 sunt
340 1525 552 1608 maximeque,
575 1524 603 1588 si
622 1525 751 1589 eaedem
769 1546 886 1589 uaccae
906 1525 1005 1590 alicui
1024 1524 1102 1610 operi

63 1615 229 1678 2seruire
262 1617 466 1678 consuerunt.
511 1612 574 1678 hoc
604 1635 712 1678 mense
744 1614 861 1679 arietes
891 1613 1102 1679 candidissimi

106 1701 246 1786 eligendi
269 1705 302 1765 et
325 1702 517 1766 admittendi
540 1707 617 1766 sunt
639 1703 792 1766 mollibus
814 1702 913 1780 lanis,
935 1702 972 1768 in
995 1703 1102 1787 quibus
1115 1721 1132 1763 c

105 1812 172 1854 non
208 1790 314 1854 solum
351 1791 495 1875 corporis
531 1791 650 1856 candor
682 1791 932 1856 considerandus
969 1798 1022 1857 est
1056 1790 1102 1856 sed

107 1879 206 1943 etiam
229 1878 353 1962 lingua:
382 1901 463 1962 quae
487 1879 515 1943 si
539 1878 673 1944 maculis
698 1879 891 1962 fuscabitur,
917 1881 1103 1945 uarietatem

107 1969 219 2033 reddet
242 1968 276 2031 in
299 1968 420 2032 subole.
457 1969 495 2031 de
519 1967 593 2032 albo
615 1969 805 2052 plerumque
826 1968 976 2033 nascitur
995 1968 1103 2035 coloris

107 2057 254 2122 alterius:
287 2057 325 2120 dc
354 2055 454 2122 fuscis
480 2079 669 2140 numquam,
702 2056 787 2121 sicut
814 2055 996 2123 Columella
1025 2057 1105 2140 dicit,

106 2151 217 2231 potest
249 2145 342 2210 albus
375 2145 485 2210 creari,
534 2145 691 2227 eligemus
723 2146 858 2210 arietem
890 2146 1010 2231 altum,
1041 2167 1136 2232 pro-ro

108 2257 225 2319 cerum,
248 2238 362 2298 uentre
385 2233 546 2318 promisso
570 2238 603 2298 et
625 2235 709 2298 lanis
730 2234 872 2299 candidis
891 2239 989 2314 tecto,
1014 2234 1107 2300 cauda

107 2323 313 2408 longissima,
340 2323 470 2387 uelleris
499 2323 603 2405 densi,
629 2323 736 2387 fronte
759 2323 841 2407 lata,
868 2324 999 2410 magnis
1023 2323 1106 2389 testi·

107 2412 182 2489 bus,
211 2411 329 2475 aetatis
357 2411 487 2494 trimae,
515 2412 570 2494 qui
597 2415 708 2476 tamen
729 2433 831 2494 usque
853 2411 889 2476 in
911 2415 988 2477 octo
1011 2433 1107 2478 annos

64 2501 216 2582 3potest
248 2499 374 2563 utiliter
405 2500 495 2564 inire.
540 2499 661 2564 femina
692 2500 788 2564 debet
819 2500 907 2564 bima
939 2501 1098 2567 summitti

110 2609 191 2670 quae
219 2609 320 2670 usque
348 2590 382 2651 in
411 2588 665 2671 quinquennium
693 2588 818 2653 feturae
844 2591 1031 2655 necessaria
1054 2593 1139 2671 esta

177 2786 191 2832 1
213 2777 372 2848 colligenda
386 2796 439 2848 pro
458 2778 621 2833 circumfodi
636 2797 658 2849 p
675 2782 684 2849 ΙΙ
707 2786 722 2832 2
743 2778 887 2848 amigdala
904 2779 952 2851 811
970 2782 987 2833 3
1006 2780 1048 2834 IN
1064 2778 1107 2833 EO

106 2851 153 2904 ET
173 2847 352 2903 GREGIBVS
371 2850 540 2919 odditEllt
557 2850 678 2904 maxime
694 2868 743 2905 om.
751 2869 773 2920 p
788 2853 792 2921 1
808 2850 897 2904 tauris
912 2852 1006 2906 (ΜΕ
1020 2855 1024 2921 Ι
1041 2869 1109 2906 sum-

106 2921 261 2975 mittendae
285 2924 350 2975 sunt
372 2920 460 2975 tauris
484 2937 587 2975 uaccae
610 2922 642 2990 S,
665 2921 821 2975 mittendae
844 2923 874 2976 E
899 2925 909 2991 ΙΙ
936 2929 952 2976 5
976 2922 1109 2978 mensium

111 2992 353 3063 VSTEGiacps
373 2993 377 3062 l
398 2991 438 3045 sic
456 3008 539 3060 oocp
555 2996 558 3062 Ι
574 2993 741 3046 maturando
760 2993 791 3046 Ε
811 2994 820 3061 ΙΙ
844 2999 878 3047 10
898 2992 998 3074 papuli
1020 2993 1109 3066 Qlde

107 3081 163 3133 qua
181 3065 208 3118 L
230 3065 239 3132 ΙΙ
263 3067 294 3114 11
315 3062 443 3116 omnibus
463 3063 542 3116 annis
561 3064 592 3116 E
606 3066 609 3135 l
626 3063 750 3118 futurum
770 3064 818 3133 Gli
837 3069 870 3117 12
888 3063 951 3117 indr
991 3069 1041 3118 ent
1058 3065 1087 3119 Ε
1107 3064 1110 3157 Ι

108 3141 140 3188 13
165 3134 188 3188 si
211 3151 261 3189 om.
285 3134 332 3204 Gt
347 3140 380 3187 14
404 3136 608 3200 consueuerunt
630 3135 756 3206 Eiacps
770 3138 779 3204 ΙΙ
793 3139 827 3187 15
850 3137 879 3189 ct
901 3152 947 3189 mo
973 3135 1036 3190 ‘bus
1058 3136 1087 3190 Ε
1107 3162 1110 3205 l

108 3211 141 3259 lo
169 3206 300 3275 splendor
318 3221 341 3273 p
366 3206 376 3274 ΙΙ
404 3210 436 3257 17
460 3203 573 3273 linguae
597 3205 652 3259 SE
680 3210 684 3273 Ι
713 3205 845 3274 masculis
868 3207 898 3259 E
923 3209 933 3275 ΙΙ
961 3212 994 3260 18
1021 3205 1098 3262 reddi

38 3314 41 3322 ·
108 3293 197 3331 omnes
217 3279 221 3346 1
242 3291 353 3344 quoquc
371 3275 534 3344 plerumque
553 3276 583 3328 E
604 3278 612 3344 ll
637 3282 669 3329 19
688 3293 809 3344 namque
824 3294 877 3357 pro
895 3294 1051 3345 numquam
1065 3296 1086 3346 p
1101 3277 1110 3347 t

108 3353 142 3400 20
161 3348 264 3401 album.
291 3347 380 3400 altum
397 3347 429 3400 E
440 3349 449 3414 ΙΙ
463 3352 495 3398 21
515 3345 657 3426 promissis
677 3348 726 3414 ΕΙ,
744 3350 919 3417 prommente
937 3347 981 3402 E²
997 3351 1001 3418 Ι
1018 3347 1111 3403 candi·

108 3417 230 3470 dissimis
251 3418 277 3472 G
292 3420 296 3488 Ι
312 3419 425 3472 tectum.
449 3417 613 3487 longissima
631 3418 721 3471 cauda
739 3419 769 3471 Ε
787 3421 796 3488 ll
815 3424 848 3472 23
867 3418 975 3488 primae
994 3419 1113 3489 PLQV

99 3487 294 3561 sarmul
307 3495 342 3544 24
361 3488 441 3545 bima
460 3507 513 3546 om.
528 3490 555 3544 Ε
567 3491 582 3559 t
592 3494 628 3542 ‘25
646 3504 737 3555 usque
754 3488 794 3539 ab
811 3489 839 3539 E
850 3489 986 3552 ltoetura
1001 3491 1027 3542 G
