2378 3832
138 187 202 249 124
390 175 393 186 “
556 185 726 240 Pnnnnnn

137 355 256 417 aquam
274 332 308 395 in
326 333 454 416 patenti
473 332 606 398 uasculo
626 332 686 395 suh
706 331 752 395 eis
768 353 871 415 ponas
886 331 1013 397 duobus
1029 334 1153 419 palmis

107 421 334 505 8inferiorem,
357 421 396 485 ad
420 443 517 505 quam
540 420 722 485 festinando
746 420 830 484 tales
849 419 1043 486 efficientur.
1081 422 1153 489 sine

137 509 259 575 semine
282 514 466 590 nascentur,
490 510 519 575 si
541 510 632 593 prius
656 531 768 573 eorum
792 510 915 574 semina
939 510 1013 576 oleo
1034 512 1150 577 sabino

136 602 359 684 perungantur
391 603 425 662 et
456 599 558 663 herba
585 621 636 681 ea,
669 619 750 681 quae
779 598 871 663 culex
899 599 1034 681 dicitur,
1067 601 1149 665 trita

136 686 362 752 confricentnr.
409 687 510 771 aliqui
538 687 652 751 florem
680 687 859 752 cucumeris
888 710 962 753 cum
989 689 1179 755 uiticulaes

136 798 213 841 suae
241 776 347 859 capite
376 798 496 841 cannae
524 776 685 858 inserunt,
714 776 765 840 cui
792 776 883 859 prius
907 797 1021 841 omnes
1044 779 1146 844 nodos

135 864 387 948 pertorauerint:
415 865 462 929 ibi
490 865 634 930 cucumis
657 865 803 929 nascitur
827 864 860 930 in
882 864 1020 930 nimiam
1044 868 1146 953 longi·

136 955 282 1019 tudinem
304 957 426 1018 tensus.
464 954 571 1019 oleum
595 954 641 1018 sic
660 953 787 1037 metuit,
806 957 852 1036 ut,
876 953 904 1018 si
922 954 1015 1019 iuxta
1033 977 1146 1040 posue·

135 1046 190 1125 ris,
208 1043 299 1107 uelut
317 1043 432 1107 hamus
450 1043 598 1126 plicetur.
632 1042 782 1125 quotiens
801 1045 904 1125 tonat,
922 1043 1015 1108 uelut
1029 1045 1144 1109 timore

106 1133 348 1197 9conuertitur.
392 1132 420 1196 si
444 1132 512 1196 eius
536 1131 663 1214 florem,
687 1132 772 1196 sicut
795 1132 829 1195 in
851 1132 918 1196 uite
942 1154 1001 1196 sua
1026 1136 1090 1218 est,
1112 1132 1176 1198 ino

135 1221 243 1286 forma
261 1221 354 1286 fictili
375 1215 527 1286 clauseris
548 1242 585 1284 ac
604 1219 727 1305 ligaris,
747 1221 876 1304 qualern
894 1221 1023 1286 uultum
1041 1220 1144 1287 forma

136 1311 189 1375 uel
217 1311 358 1375 hominis
387 1310 439 1374 uel
468 1309 618 1373 animalis
647 1308 812 1392 habuerit,
840 1309 940 1373 talem
965 1311 1143 1376 cucumeris

136 1400 242 1485 figura
265 1399 457 1483 praestabit.
490 1399 571 1463 haec
594 1397 702 1462 omnic
722 1396 887 1483 Gargilius
906 1397 1070 1464 Martialis
1095 1400 1143 1465 ad-

138 1488 248 1552 seruit.
294 1485 475 1552 Columella
498 1487 591 1572 dicit,
618 1486 690 1551 loco
721 1487 830 1568 aprico
854 1489 887 1550 et
910 1490 1095 1554 stercoroso
1117 1489 1143 1553 si

135 1577 235 1640 rubos
258 1575 434 1640 habeamus
458 1580 515 1639 aut
538 1575 671 1656 ferulas,
698 1579 776 1659 post
804 1576 953 1640 autumni
977 1578 1172 1663 aequinocu

136 1666 219 1728 tium
242 1664 294 1727 his
318 1666 409 1728 iuxta
431 1666 551 1728 terram
571 1664 682 1729 recisis
702 1668 736 1735 et
753 1664 918 1729 excauatis
936 1664 1048 1750 ligneo
1069 1667 1142 1731 stilo

136 1753 221 1817 inter
235 1752 391 1817 medullas
406 1753 567 1817 laetamen
577 1753 781 1817 inmittamus
797 1757 831 1818 et
840 1755 1022 1820 cucumeris
1038 1777 1144 1820 semen

137 1841 306 1906 addamus:
329 1841 405 1906 hinc
427 1842 517 1906 nasci
540 1840 675 1923 fructus,
699 1841 755 1925 qui
776 1842 905 1926 possint
928 1848 962 1907 et
985 1844 1073 1910 inter
1092 1843 1144 1908 fri-

85 1933 126 1996 10
136 1952 217 2017 gora
239 1952 306 1995 non
327 1930 445 1995 necari.
481 1930 543 1995 hoc
567 1951 677 1995 mense
700 1952 877 2016 asparagos
894 1952 1044 1998 seremus
1063 1934 1144 1999 circa

136 2019 256 2104 apriles
285 2019 431 2084 calendas
454 2019 570 2104 pingui
592 2019 679 2101 loco,
708 2019 831 2101 umido,
860 2020 995 2085 subacto
1021 2023 1083 2101 ita,
1110 2026 1176 2086 utu

136 2108 316 2174 minoribus
345 2108 477 2175 fossulis
507 2108 546 2172 ad
572 2108 692 2172 lineam
715 2107 846 2174 directis
869 2110 947 2173 bina
970 2114 1029 2174 aut
1053 2115 1144 2176 terna

136 2220 238 2284 grana
257 2197 429 2283 semipedis
449 2197 556 2282 spatio
576 2197 716 2262 discreta
730 2202 903 2281 ponantur.
935 2198 1054 2265 dehinc
1067 2203 1145 2265 ster·

136 2310 209 2353 core
238 2288 344 2352 solum
373 2291 505 2372 tegatur
533 2291 566 2350 et
593 2286 713 2351 herbae
742 2287 877 2351 subinde
905 2287 1072 2353 uellantur
1094 2289 1144 2354 uel

135 2399 193 2460 per
215 2375 356 2440 hiemem
379 2397 477 2459 supra
500 2375 657 2440 stramina
679 2375 841 2440 iaciantur
862 2376 969 2460 primo
988 2399 1066 2442 uere
1085 2378 1146 2443 tol·

136 2464 239 2528 lenda.
284 2464 360 2529 hinc
383 2468 460 2548 post
483 2464 659 2528 triennium
682 2468 858 2528 nascentur
881 2466 1043 2551 asparagi.
1091 2466 1144 2532 sed
1157 2491 1179 2532 a

137 2552 316 2636 expeditior
344 2554 428 2618 ratio
459 2556 522 2631 est,
551 2552 579 2617 si
603 2573 835 2637 asparagorum
859 2552 1011 2639 sfongeas
1034 2577 1146 2640 ponas,

208 2769 221 2815 1
244 2779 317 2830 aqua
335 2763 361 2816 L
379 2765 388 2832 ΙΙ
411 2768 427 2815 2
447 2763 483 2816 ad
502 2779 587 2830 quam
604 2761 765 2816 festinando
784 2779 834 2817 orn.
845 2781 868 2831 p
908 2762 1016 2834 fiuntp
1034 2768 1043 2836 11
1067 2772 1083 2819 3
1103 2783 1146 2820 sa·

136 2833 204 2915 bina
222 2834 257 2901 L,
277 2835 376 2914 supino
389 2850 411 2902 p
424 2835 433 2902 ΙΙ
451 2841 468 2886 4
486 2836 698 2914 perunguantur
715 2834 747 2888 E
758 2836 767 2903 ΙΙ
786 2839 801 2886 5
821 2850 853 2887 co
902 2833 990 2890 'cetur
1008 2837 1040 2890 E
1052 2839 1061 2907 ΙΙ
1082 2845 1099 2891 6
1118 2841 1147 2919 et

136 2904 1081 3058 rehtllt‘sstatldtffltatl.⁷9{mutuala
1097 2909 1147 3049 ll}

135 3050 250 3118 perterr.
270 3049 333 3101 incl.
349 3065 387 3117 cp
413 3050 422 3116 ΙΙ
451 3052 483 3099 10
507 3064 536 3099 rn
562 3064 612 3101 sua
637 3050 696 3101 urte
719 3049 792 3115 edd,
816 3047 847 3100 in
869 3051 929 3102 urte
952 3052 996 3104 est
1020 3067 1072 3105 sua
1089 3052 1122 3105 E

137 3125 168 3173 11
193 3117 326 3189 hgaueris
348 3119 506 3188 EGc'ocps
536 3118 539 3188 Ι
568 3117 659 3172 forma
681 3136 731 3173 om.
751 3120 782 3173 E
807 3122 816 3190 ΙΙ
844 3124 876 3172 12
905 3120 1030 3174 cucumis
1058 3123 1120 3178 edd.

136 3197 169 3244 13
188 3191 307 3260 figuram
325 3190 451 3260 Eiocps
466 3193 470 3258 Ι
486 3188 633 3244 marciales
654 3190 680 3244 G
697 3192 706 3258 ΙΙ
731 3196 764 3243 14
782 3190 844 3244 loco
863 3207 912 3244 orn.
924 3208 946 3260 p
960 3194 969 3261 ΙΙ
989 3198 1021 3246 16
1042 3196 1148 3248 terram

136 3279 184 3316 our.
203 3263 248 3332 (11
265 3260 343 3331 ligno
362 3261 461 3330 111118
480 3263 597 3329 possunt
614 3263 648 3330 ill
668 3265 700 3313 19
719 3261 818 3331 negari
837 3261 1148 3391 PLQVSE¹TFiep

135 3339 169 3385 20
189 3333 250 3387 loco
269 3332 506 3402 omplsubacto
525 3331 579 3398 ita,
601 3334 633 3385 ut
651 3348 736 3400 emp
757 3334 766 3401 ΙΙ
789 3338 821 3385 21
841 3331 872 3385 in
889 3332 990 3403 minp
1012 3337 1022 3404 ΙΙ
1046 3341 1119 3390 2311

135 3421 185 3456 om.
201 3404 232 3456 F
241 3407 251 3474 ΙΙ
265 3410 300 3457 24
318 3402 409 3457 hieme
425 3419 478 3471 pro
495 3419 545 3472 per
563 3401 683 3456 hiemem
699 3403 795 3472 (11126
812 3403 954 3472 expeditio
969 3406 1015 3476 ΡΙ
1032 3422 1149 3476 aspara-

123 3489 227 3556 gorum
247 3476 340 3603 occdi}
355 3473 553 3549 1101311181,
570 3473 692 3545 lungeas
707 3473 891 3544 Ε,11111ςε11
907 3475 943 3542 F„
960 3493 1101 3548 spongeas
1116 3480 1148 3547 V,

111 3558 289 3612 spongiase
328 3593 333 3603 .
