2378 3832
126 186 192 250 254
545 182 715 237 PALLADE

125 353 240 396 manus
264 334 400 414 utraque
424 330 577 413 gestabit,
599 330 669 394 uini
691 329 812 393 ueteris
831 351 932 393 unum
956 328 1137 394 semisicili-

126 441 199 485 cum
228 423 260 483 et
289 419 491 502 aliquantum
519 419 662 502 cupressi
684 417 846 483 foliorum.
893 417 1005 482 mixtis
1035 419 1136 482 omni-

124 509 186 572 bus
211 508 314 572 oliuas
337 506 493 589 infundis,
520 507 677 572 inculcas:
705 510 738 570 et
761 506 897 571 subinde
921 509 1070 571 crustam
1091 507 1135 572 fa·

126 597 238 661 ciendo
269 594 443 678 saturabis,
477 598 576 661 donee
609 596 649 659 ad
682 596 889 661 uasculorum
921 617 1050 659 summa
1079 619 1135 661 ora

80 683 305 768 4peruenias.
360 684 454 749 aliter
492 685 610 769 oliuas,
648 707 727 768 quas
764 686 905 749 iacentes
943 686 1170 770 reppereris,5

125 773 216 857 rugis
241 773 508 837 contrahentibus
532 773 654 856 crispas
679 773 811 857 colliges
836 777 869 836 et
898 773 1020 837 salibus
1045 775 1134 838 tritis

125 884 287 945 respersas
312 862 480 946 expandes,
504 863 604 927 donec
623 861 690 925 sole
713 861 924 926 inarcescant.
962 866 1042 926 tunc
1061 864 1135 928 sub

125 955 229 1015 strato
253 950 344 1015 lauro
369 951 510 1014 alternas
534 955 639 1015 crates
668 951 821 1015 bacarum
849 950 976 1034 saepius
1005 952 1134 1017 ordina·

124 1041 188 1104 bis:
222 1045 300 1104 tunc
332 1038 495 1103 defrutum
525 1061 596 1103 eum
630 1039 789 1104 satureiae
818 1039 973 1105 fasciculo
1006 1041 1133 1106 duabus

125 1133 182 1192 aut
212 1128 319 1192 tribus
352 1127 446 1192 undis
475 1127 600 1192 feruere
631 1128 765 1211 patieris
800 1132 846 1212 et,
878 1132 1055 1212 postquam
1088 1134 1170 1200 te-10

124 1217 241 1302 puerit,
265 1239 363 1300 supra
387 1215 571 1300 conpositas
595 1217 692 1280 bacas
716 1216 865 1281 refundes
894 1217 1039 1282 admixto
1066 1220 1132 1284 sale

124 1306 256 1390 paululo
280 1310 313 1369 et
337 1305 463 1389 origani
482 1305 568 1370 fasce
593 1305 738 1370 coniecto
757 1327 855 1389 supra
877 1305 928 1370 ius
947 1329 1042 1371 omne
1063 1329 1133 1391 per-

80 1397 102 1460 5
124 1395 246 1458 fundes.
294 1394 389 1458 aliter
411 1394 512 1458 lectas
535 1395 633 1459 bacas
657 1416 696 1458 ex
719 1395 833 1458 arbore
858 1395 970 1458 statim
991 1397 1132 1482 condies,

125 1487 232 1547 rutam
262 1487 295 1547 et
325 1483 557 1566 petroselinum
588 1488 712 1547 sternes
740 1483 826 1547 inter
849 1484 955 1566 spatia
979 1486 1132 1550 structio-

122 1572 173 1636 nis
204 1575 237 1635 et
267 1571 401 1635 subinde
432 1572 588 1655 oyminati
619 1572 695 1635 salis
724 1572 909 1654 aspersione
939 1574 1131 1640 cumulabis.
1147 1604 1171 1645 ιι

122 1664 324 1743 postremum
356 1660 418 1723 mel
452 1665 485 1724 et
516 1664 644 1725 acetum
676 1660 896 1744 superfrmdes.
950 1663 1132 1729 nouissime

124 1753 181 1830 opt
167 1749 240 1811 timi
274 1749 336 1812 olei
370 1754 664 1901 quantumcumque
701 1750 860 1814 miscebis.
910 1750 969 1814 alit
955 1754 1007 1814 ter
1039 1752 1131 1838 leges

123 1836 226 1901 oliuas
257 1858 296 1900 ex
326 1837 440 1900 arbore
470 1837 638 1922 nigraset
669 1839 853 1921 conpositas
884 1838 988 1902 muria
1012 1839 1132 1906 dilues.

123 1929 201 1990 tunc
226 1924 309 1988 ollae
333 1924 450 1989 adicies
474 1927 579 1990 mellis
602 1931 712 2010 partes
736 1928 824 2006 duas,
848 1926 916 1991 uini
938 1949 1054 2013 unam,
1079 1931 1131 1995 de-

121 2013 202 2078 fruti
235 2012 413 2078 dimidiam:
446 2014 502 2077 ubi
535 2015 632 2078 simul
664 2014 895 2099 deferuuerint,
921 2017 1065 2100 depones
1095 2042 1131 2084 ac
1147 2051 1172 2088 ιι

121 2103 382 2205 permouebiset
401 2108 470 2168 acet
472 2126 527 2166 um
551 2103 716 2168 miscebis:
739 2126 812 2168 curn
835 2104 1007 2188 refrixerit,
1030 2128 1131 2192 super

121 2192 225 2256 oliuas
247 2192 374 2277 origani
398 2193 544 2256 surculos
569 2196 692 2256 sternes
712 2197 745 2256 et
768 2214 866 2276 supra
888 2193 938 2257 ius
958 2215 1055 2259 omne
1071 2197 1132 2261 dif-

78 2283 98 2346 6
122 2279 244 2345 fundes.
283 2280 379 2344 aliter
399 2281 501 2344 oliuas
525 2281 747 2346 manuleatus
772 2303 844 2346 cum
867 2283 1023 2365 pediculis
1045 2307 1132 2370 aqua

192 2548 205 2594 1
231 2542 420 2596 semiciculum
446 2543 550 2612 SEc'p,
582 2541 766 2596 simioiculum
791 2544 987 2613 PLQVTF,
1013 2545 1130 2602 simicu-

118 2611 178 2665 lum
198 2612 231 2681 G,
251 2613 408 2667 sunieulum
426 2631 484 2684 cop
497 2616 506 2682 ιι
521 2620 536 2666 2
552 2613 701 2755 aliquanti¹
704 2616 734 2667 Ε
745 2617 761 2738 ιι
769 2620 784 2668 5
803 2615 937 2696 repereris
952 2616 1107 2701 VFr'acys
1127 2622 1131 2693 ι

120 2689 135 2736 6
156 2683 264 2753 colligis
283 2701 372 2738 omues
386 2687 394 2754 ιι
410 2690 424 2737 7
443 2685 577 2753 expandis
592 2687 701 2755 omncs!
718 2618 761 2739 sal
762 2702 777 2738 e
791 2686 839 2756 Ει
855 2685 1046 2741 inarescant
1033 2622 1128 2764 ccccl

119 2755 184 2807 subt
172 2758 262 2809 tracto
281 2757 349 2824 Ει
382 2755 549 2808 9defritum
569 2756 726 2825 pem,
750 2689 851 2810 defriolt
851 2775 897 2810 um
916 2758 947 2811 E
979 2761 982 2827 ι
1016 2758 1128 2817 fusculo

118 2826 174 2880 SE
195 2830 203 2896 ιι
228 2832 261 2878 10
279 2759 370 2880 frueie
389 2827 415 2878 L
441 2826 586 2895 {patiaris
606 2828 664 2897 Ει
693 2834 724 2880 11
744 2828 843 2881 bracas
863 2830 914 2898 Ρι
944 2829 1050 2884 amixto
1071 2834 1102 2886 E

119 2903 152 2950 12
170 2897 316 2966 paululum
334 2898 365 2950 E
388 2898 392 2968 ι
418 2830 498 2950 oinne
516 2897 559 2951 ius
578 2898 633 2968 Ει
656 2830 802 2967 lperfundis
821 2831 1102 2968 PLQlVGSETF
1118 2836 1129 2978 ll

120 2974 153 3021 14
170 2967 420 3091 petrtosilenumS,
444 2900 639 3037 petrosilinuni
657 2971 739 3023 ETc
765 2973 774 3040 ιι
803 2976 835 3022 15
862 2969 988 3024 eiminati
1008 2973 1045 3026 S¹
1052 2975 1126 3045 ET,

118 3038 249 3092 seminati
267 3041 279 3092 ι’
297 3042 305 3108 ιι
330 3045 362 3092 16
363 3056 430 3161 lpos
432 3040 520 3092 tremo
541 3041 566 3094 G
583 3043 586 3109 ι
612 2973 787 3121 superfundis
806 3041 1100 3110 PLQVGSETFi

119 3117 151 3163 17
171 3109 281 3191 colligis
302 3109 373 3177 (ἧι
376 3109 435 3179 egis
454 3112 532 3164 ceteri
561 3112 565 3180 ι
594 3111 733 3192 composit
732 3128 749 3164 a
718 3112 797 3164 ιΕ
822 3115 831 3181 ιι
860 3118 892 3165 18
916 3113 1001 3166 diluis
1019 3021 1126 3201 copel

119 3187 151 3234 19
171 3181 261 3234 adiors
280 3153 400 3250 (adiicis)
420 3198 508 3234 omncs
537 3184 541 3249 ι
570 3181 620 3234 uni
634 3199 687 3251 pro
705 3181 765 3234 uini
784 3184 810 3236 L
834 3185 838 3254 ι
861 3182 956 3238 defriti
978 3186 1037 3254 QV
1053 3189 1126 3257 (im

116 3256 181 3320 rus.)
202 3253 260 3321 Ga,
280 3251 393 3305 defricti
411 3252 557 3332 Ειιῖθθι
575 3252 624 3307 ubi
642 3255 754 3324 iacpsl
775 3253 945 3308 deseruerint
964 3257 1021 3309 PL
1033 3258 1125 3329 VSF,

118 3322 257 3376 defuerint
277 3323 300 3392 Q
324 3324 328 3394 ι
363 3323 479 3392 depon1s
499 3323 756 3395 PLQVGiucps,
776 3325 900 3394 depomis
921 3327 952 3379 Ε
971 3328 980 3394 ιι
1009 3334 1040 3381 21
1062 3347 1125 3399 per-

116 3409 211 3446 moues
230 3401 255 3448 ct
272 3393 371 3447 misces
395 3410 485 3447 omncs
498 3401 608 3462 practer
626 3396 666 3463 Ε,
693 3397 741 3465 qai
766 3412 930 3464 permouens
955 3405 979 3451 ct
1002 3399 1123 3455 miscens

109 3464 388 3545 habetlrefrixerint
406 3482 427 3534 s,
421 3440 704 3594 ,refripprauerisld
722 3470 735 3536 ιι
753 3472 786 3519 22
806 3466 906 3520 sternis
925 3484 1015 3523 omues
1039 3472 1043 3543 ι
1071 3473 1124 3525 dif-

97 3532 200 3589 fundis
226 3537 277 3608 V,
263 3539 271 3568 ¹
299 3538 497 3595 diffundentes
