2378 3832
421 183 536 240 Aanrc.
552 185 602 238 1111
618 190 722 239 ra-au
1009 179 1072 243 251

275 364 427 430 OLEVM
450 363 691 431 LIBVRNIOO
716 364 873 430 SIMILE.

137 489 253 556 Oleum
271 490 412 574 primum
435 491 596 555 liburnico
616 491 722 556 simile
740 490 811 555 fieri
830 491 982 555 adserunt
1012 486 1126 553 XVIII

67 577 197 663 Graeci,
228 579 256 644 si
285 580 320 643 in
350 579 474 662 optimo
504 578 601 644 uiridi
629 579 752 644 inulam
782 579 900 644 siccam
930 582 962 643 et
988 575 1073 641 lauri

67 669 149 732 folia
172 672 204 733 et
224 689 376 752 cyperum
401 668 509 733 omniu
533 669 630 733 simul
653 673 727 733 tusa
751 671 783 732 et
803 666 966 732 subtiliter
984 672 1074 732 creta

39 756 263 841 spermisceas
294 777 367 822 cum
397 757 519 821 salibus
548 758 733 822 torrefactis
767 779 804 821 ac
835 755 924 820 tritis
957 760 990 820 et
1017 756 1073 819 diu

41 874 43 878 ’
69 847 142 911 oleo
169 847 289 910 iniecta
314 847 499 929 perturbes,
531 847 646 911 dehinc
679 847 784 910 tribus
818 848 874 909 aut
906 845 1072 928 aliquantu

69 933 210 1019 amplius
234 935 356 1019 diebus,
380 956 453 999 cum
477 935 630 1020 quiescet,
653 935 764 1000 utaris.

221 1128 280 1194 VT
304 1129 455 1195 OLIIVM
481 1128 710 1195 SORDIDVM
732 1127 916 1195 PVRGIIS.

134 1252 168 1318 Si
199 1256 309 1318 sordet
342 1254 463 1340 oleum,
494 1254 609 1319 frictus
638 1260 670 1319 et
694 1255 798 1318 adhue
822 1255 963 1319 calentes
995 1253 1124 1318 XVIIII

23 1371 49 1410 10
67 1343 151 1407 sales
175 1342 252 1407 inici
279 1343 392 1408 iubent
420 1348 453 1408 et
481 1343 654 1428 diligenter
682 1343 813 1426 operiri:
842 1343 889 1406 ita
917 1343 1072 1407 mundum

65 1431 155 1496 reddi
178 1435 254 1515 post
277 1436 404 1516 tempus
428 1433 589 1518 enguum.

241 1626 300 1691 Dll
326 1625 440 1691 OLEO
463 1627 625 1724 ¹ODORIS
650 1626 893 1692 HORRIINDI.

132 1750 168 1816 Si
194 1751 294 1816 fuerit
325 1752 432 1817 odoris
464 1751 631 1839 horrendi,
662 1753 782 1817 uirides
816 1751 919 1817 oliuas
952 1753 1021 1817 sine
1062 1751 1124 1818 XX

65 1840 194 1905 ossibus
218 1841 309 1904 tundi
329 1845 363 1904 et
385 1841 420 1904 in
444 1843 506 1906 ulei
525 1846 665 1907 metreta
685 1841 856 1907 choenices
875 1843 954 1906 duas
975 1842 1071 1906 mitti.

22 1959 48 2000 1⁵
66 1929 94 1993 si
118 1930 217 1994 bacae
241 1928 414 2014 defuerint,
444 1931 553 1995 caules
581 1929 773 1995 tenerrimos
803 1931 892 1994 oleae
922 1929 1072 1994 similiter

64 2039 135 2083 esse
158 2019 349 2082 tundendos
393 2019 540 2083 nonnulli
562 2024 699 2103 utraque
727 2018 923 2102 permiscent
947 2020 1071 2084 adiecto

63 2107 163 2171 etiam
187 2106 262 2171 sale.
307 2108 363 2170 sed
387 2107 495 2171 omnia
517 2107 605 2171 intra
626 2106 764 2171 linteum
789 2107 915 2171 inclusa
938 2129 1072 2189 suspen-

64 2196 146 2260 dunt
169 2200 266 2280 atque
288 2196 338 2260 ita
360 2195 395 2259 in
417 2217 476 2259 uas
500 2195 563 2259 olei
592 2195 777 2260 demittunt.
823 2199 937 2278 postea
965 2196 1070 2260 tribus

64 2285 178 2349 diebus
202 2285 360 2369 exemptis
384 2284 535 2349 auferunt
558 2289 590 2349 et
611 2285 718 2349 oleum
736 2285 770 2348 in
789 2284 853 2348 alla
872 2305 950 2347 uasa
969 2287 1073 2348 trans-

24 2373 213 2442 refundunt.
260 2375 390 2458 quidam
413 2374 550 2437 mlttunt
572 2378 738 2437 uetustum
761 2372 897 2437 laterem
920 2372 1116 2439 torresco-2

64 2465 145 2526 tum.
182 2461 328 2546 plerique
351 2463 545 2527 hordeaceos
569 2485 668 2546 panes
691 2462 836 2526 breuiter
859 2462 1016 2546 figuratos
1039 2466 1072 2527 et

138 2643 152 2690 1
180 2636 273 2691 OLEO
293 2639 331 2704 L,
359 2636 508 2690 SIMILEM
528 2637 598 2704 PG,
625 2636 672 2689 DE
697 2634 791 2689 OLEO
814 2635 1008 2690 LIBURNICO
1030 2636 1073 2690 SI-

64 2707 155 2762 MHAE
169 2709 200 2762 Ε
211 2710 249 2778 112
270 2706 369 2761 Oleum
386 2707 524 2761 liburnico
544 2707 635 2761 simile
653 2706 773 2777 primum
788 2707 818 2760 E
830 2710 869 2776 113
889 2710 917 2760 et
934 2707 1021 2760 uiridi
1035 2709 1072 2775 Ε,

63 2778 151 2833 uiridi
170 2779 230 2833 oleo
250 2797 280 2847 a,
299 2778 385 2832 uiridi
405 2779 490 2850 [oleo]
509 2797 563 2849 cys
578 2780 582 2850 1
597 2779 627 2832 in
646 2779 734 2832 ullam
754 2778 791 2846 G,
816 2777 928 2832 anulum
946 2779 989 2847 E,
1012 2797 1072 2831 mu·

63 2849 122 2903 lam
137 2867 159 2919 p
176 2853 185 2919 11
208 2857 225 2904 4
243 2849 401 2919 iuniperum
420 2850 481 2917 SE,
501 2849 624 2919 ciperum
644 2850 703 2904 GT
720 2851 724 2920 1
744 2852 828 2903 tunsa
846 2851 877 2902 Ε
896 2851 899 2922 1
925 2848 1073 2904 subtiliata

59 2938 113 2990 pro
137 2921 280 2975 subtiliter
299 2924 412 2989 cretap
434 2923 443 2990 11
471 2926 486 2972 6
510 2920 611 2974 deinde
630 2938 683 2991 cqc
705 2924 714 2991 11
742 2926 756 2973 7
782 2920 903 2974 decursis
927 2920 1026 2974 diebus
1046 2940 1072 2989 u,

76 2992 201 3046 decursis
233 2991 332 3046 diebus
351 3009 405 3063 cys
459 2991 579 3058 quiescit
597 2993 633 3059 Ε,
654 2991 794 3060 quieuerit
811 2993 904 3063 iucqs
926 2995 935 3061 11
963 2992 1071 3057 aQVO

94 3063 168 3117 ODO
197 2994 323 3118 dLEVM
351 3063 419 3118 SOR
445 3063 526 3116 IBVS
554 3063 696 3145 Fundus
719 3064 749 3117 Ε
778 3066 787 3132 11
820 3070 851 3116 11
879 3063 982 3144 exigua
1002 3066 1072 3117 tem·

61 3150 130 3204 pore
144 3152 167 3203 p
194 3137 202 3204 11
232 3141 263 3187 12
282 3134 449 3188 HORIINDI
469 3133 510 3203 Q*
537 3137 545 3203 11
581 3135 736 3188 13u1r1des
757 3150 844 3202 emp
875 3137 884 3203 11
918 3141 950 3188 14
973 3135 1073 3188 rubent

61 3205 145 3259 tundi
159 3206 189 3259 Ε
201 3209 210 3276 11
223 3208 386 3260 metretreta
407 3205 430 3275 Q
446 3205 449 3275 1
466 3205 585 3258 conchas
602 3205 628 3259 G
641 3208 650 3274 11
666 3213 697 3260 15
718 3205 794 3259 culos
808 3207 839 3258 Ε
851 3208 859 3275 11
875 3211 907 3259 16
927 3205 1023 3259 addito
1038 3206 1072 3279 11

63 3282 95 3330 17
116 3277 203 3330 etiam
222 3294 271 3331 om.
287 3296 309 3346 p
338 3278 342 3348 1
375 3277 481 3330 lineum
499 3278 538 3343 L,
562 3276 701 3330 lintheum
720 3279 770 3331 Vl
802 3277 879 3330 clusa
898 3277 1070 3347 PQLFr‘a,

62 3346 159 3402 clausa
182 3350 262 3403 ceteri
296 3352 305 3418 11
343 3354 375 3402 18
399 3347 546 3401 dimittunt
569 3347 822 3417 PLQVSTFE,
847 3347 1002 3402 demictunt
1024 3351 1036 3402 i
1061 3350 1072 3423 11

65 3424 97 3472 19
117 3418 223 3473 exactis
243 3419 359 3489 311111
379 3425 410 3471 21
430 3418 594 3472 hordeacios
613 3420 696 3490 Pus
703 3420 712 3450 ¹
732 3423 736 3490 1
758 3435 845 3488 panes
865 3421 893 3472 et
910 3419 998 3474 linteo
1016 3439 1035 3489 p

130 3544 144 3572 ¹¹
157 3545 204 3598 Be
220 3545 311 3599 eodrce
332 3544 356 3616 Q
373 3545 436 3601 uide
450 3547 544 3616 praef.
