2378 3832
98 154 141 218 82
516 153 687 208 PALLADII

53 299 250 366 2uiticulae
284 300 346 363 duo
380 299 570 363 duramenta
603 322 778 365 seruemus.
823 300 1000 364 auferenda
1035 305 1113 365 sunt

34 402 38 410 '
98 390 193 471 laeta,
213 388 345 472 intorta,
364 387 492 470 debilia,
511 388 606 453 malis
626 387 707 454 locis
720 392 798 453 nata
812 392 986 454 sarmenta.
1021 389 1108 455 foca

96 499 177 542 neus
207 477 319 558 etiam,
350 476 404 562 qui
432 477 519 540 inter
546 477 609 542 duo
637 478 770 542 brachia
797 479 922 543 medius
951 478 1112 561 nascitur,

97 567 194 630 debet
222 566 347 630 abradi:
376 565 431 649 qui
459 564 487 629 si
514 565 709 651 pinguedine
729 589 789 630 sua
810 566 983 631 brachium
1007 569 1111 651 qnod-

97 676 234 738 cumque
257 655 442 738 proximum
464 655 657 737 debilitaris,
684 655 742 720 illo
770 655 877 721 deciso
903 656 975 740 ipse
999 678 1111 723 succe·
1136 684 1149 724 5

97 743 161 807 dat.
199 743 261 806 erit
284 748 394 807 tamen
419 744 535 826 optimi
558 743 719 828 putatoris
741 743 876 809 inferius
897 749 1111 830 sarmentum,

98 833 183 915 quod
207 833 293 896 bono
316 831 388 896 loco
411 836 526 896 natum
548 833 660 911 fuerit,
683 834 881 917 reparandae
904 833 984 898 uitis
1011 856 1112 899 causa

97 942 224 1003 semper
246 922 330 985 tueri
350 925 383 984 et
401 920 442 984 ad
460 944 559 986 unam
576 921 629 986 uel
648 922 727 986 duas
747 943 892 1007 gemmas
912 923 1108 1006 relinquere.

51 1014 72 1078 3
96 1010 131 1073 in
153 1009 234 1074 locis
258 1008 522 1074 clementioribus
542 1011 639 1075 altius
658 1011 761 1075 uitem
780 1011 893 1075 licebit
911 1013 1109 1094 expandere:

96 1099 130 1163 in
159 1099 297 1163 exilibus
326 1102 382 1162 aut
410 1100 569 1163 aestuosis
594 1104 650 1163 aut
674 1098 808 1164 decliuis
832 1105 889 1164 aut
912 1100 1109 1182 procellosis
1123 1129 1149 1168 io

95 1188 250 1253 humilior
269 1191 319 1252 est
334 1186 492 1251 habenda.
519 1188 600 1252 locis
615 1188 791 1273 pinguibus
806 1188 944 1273 singulis
959 1184 1109 1255 brachiis

95 1278 215 1342 uitium
237 1277 315 1341 bina
336 1277 467 1361 flagella
490 1276 627 1341 dimitte.
665 1278 720 1341 sed
745 1278 807 1341 erit
827 1278 985 1361 sapientis
1007 1279 1111 1343 aesti-

96 1389 185 1432 mare
213 1367 280 1430 uim
306 1366 394 1429 uitis.
439 1387 516 1429 nam
540 1387 621 1449 quae
645 1365 744 1431 altius
769 1366 888 1430 colitur
910 1368 944 1429 et
967 1365 1110 1432 fecunda

96 1461 160 1539 est,
186 1455 259 1538 plus
289 1475 385 1537 quarn
413 1457 487 1519 octo
510 1454 663 1537 palmites
686 1454 805 1519 habere
828 1476 894 1518 non
918 1455 1032 1538 debet,
1061 1456 1110 1519 ita

93 1548 131 1609 ut
159 1543 398 1608 consideremus
427 1565 554 1627 semper
579 1543 614 1607 in
637 1542 784 1607 inferiori
807 1548 900 1626 parte
925 1545 1109 1609 custodem.
1123 1571 1149 1611 1⁵

51 1636 73 1698 4
97 1633 183 1698 circa
205 1653 278 1696 crus
302 1632 454 1715 quicquid
476 1632 631 1716 nascitur,
655 1633 889 1715 amputandum
908 1635 968 1717 est,
991 1633 1109 1698 sinon

97 1722 256 1786 desideret
283 1721 379 1784 uinea
407 1721 561 1785 reuocari.
608 1721 694 1804 quod
722 1720 750 1785 si
774 1725 907 1785 truncus
930 1721 1012 1785 uitis
1038 1723 1109 1788 sole

96 1814 153 1875 aut
176 1809 297 1893 pluuiis
322 1813 378 1874 aut
401 1809 507 1874 noxiis
531 1809 725 1874 animalibus
749 1813 799 1874 est
818 1814 963 1893 cauatus,
984 1832 1108 1897 purga·

96 1921 182 1982 mus,
215 1898 366 1982 quicquid
394 1902 444 1962 est
471 1902 650 1981 mortuum,
682 1899 860 1983 plagasque
889 1920 942 1963 eas
972 1921 1110 1965 amurca

96 1989 228 2052 linimus
257 1991 290 2051 et
316 1992 418 2051 terra:
451 1988 536 2070 quod
565 1987 709 2070 proderit
732 1988 903 2052 aduersum
925 1988 1109 2070 praedicta.
1124 2017 1153 2055 so

96 2083 206 2143 cortex
239 2077 337 2140 etiam
369 2074 525 2141 rescissus
558 2080 591 2140 et
622 2077 765 2159 pendens
798 2099 817 2141 a
848 2076 916 2140 uite
951 2076 1110 2142 tollatur:

96 2188 177 2251 quae
201 2188 252 2230 res
276 2166 434 2229 minorem
458 2165 559 2228 fecem
582 2165 687 2229 reddit
710 2164 744 2229 in
766 2165 852 2229 uino.
899 2187 1033 2230 muscus
1059 2189 1108 2230 ra·

50 2255 72 2321 5
96 2257 191 2320 datur
214 2254 407 2336 ubicumque
431 2258 587 2336 repertus.
632 2253 687 2317 sed
711 2254 836 2339 plagae,
859 2275 939 2337 quas
963 2254 1109 2321 induro

94 2345 173 2408 uitis
206 2343 355 2426 accipiet,
387 2340 537 2425 obliquae
570 2346 603 2406 et
635 2343 792 2406 rotundae
825 2364 895 2407 esse
929 2342 1111 2410 debebunt.

166 2522 182 2568 2
201 2516 278 2570 lenta
292 2517 328 2583 Ε,
348 2516 409 2569 lata
426 2517 531 2585 ineps,
550 2515 580 2568 la
598 2518 673 2586 (rac.)
691 2518 722 2569 ta
736 2517 779 2584 Vl
796 2515 909 2570 debilia.
929 2516 1038 2570 intorta
1054 2520 1104 2591 Ε1

94 2587 200 2641 Focata
210 2587 297 2656 PLQ
306 2587 370 2655 VF,
385 2586 483 2640 focalia
494 2587 555 2655 SE,
571 2587 673 2641 Oculus
687 2588 712 2640 T
716 2587 749 2655 G,
763 2587 895 2642 focaneus
908 2587 995 2641 etiam
1004 2604 1059 2644 om.
1067 2608 1090 2660 p
1099 2591 1110 2663 11

95 2665 111 2712 3
130 2658 230 2712 melius
248 2659 319 2712 Eue
340 2660 350 2728 11
372 2665 389 2711 4
407 2656 605 2727 pinguitudine
623 2659 735 2728 e'acqsl
756 2675 807 2711 sua
828 2676 912 2728 emp
934 2661 943 2728 11
966 2664 981 2712 5
1001 2659 1108 2714 debili-

94 2729 200 2789 tauerit
217 2730 330 2798 iucpsl
350 2727 410 2782 illic
429 2729 558 2798 PLQV,
582 2728 627 2782 illi
644 2731 737 2809 iacps
759 2730 768 2798 11
792 2737 807 2783 6
827 2728 963 2799 optimum
981 2730 1113 2801 PLQV

94 2801 212 2857 SET&
227 2805 231 2870 1
247 2799 373 2870 putaturi
384 2800 410 2854 G
426 2801 430 2870 1
446 2800 475 2853 in
485 2799 595 2853 inferris
606 2801 657 2869 Ε1
671 2805 687 2853 8
702 2800 806 2853 mtueri
815 2802 846 2854 E
858 2803 867 2869 11
881 2806 896 2853 9
911 2799 994 2854 laetis
1005 2803 1110 2870 etpost

93 2873 162 2928 locis
181 2873 278 2927 inserit
294 2874 377 2940 31110
396 2869 426 2924 in
445 2870 563 2924 exilibus
583 2874 678 2925 autem
694 2871 813 2925 estuosis
827 2873 875 2941 ΕΙ
892 2870 1017 2924 declinus
1034 2874 1108 2942 LF,

95 2944 251 3000 decliuibus
272 2943 379 3013 Gacps
399 2943 403 3011 1
423 2941 587 3011 proclinosis
606 2943 636 2996 E
656 2945 666 3013 11
690 2948 721 2996 11
742 2945 785 2996 est
803 2959 853 2996 om.
868 2944 895 2996 L
918 2945 921 3010 1
944 2941 1106 3012 Pinguibus

93 3016 163 3071 locis
185 3016 211 3070 G
235 3017 239 3085 1
263 3013 376 3067 brachis
400 3013 468 3083 Po,
491 3013 599 3067 braccis
623 3015 653 3067 F
678 3016 687 3084 11
716 3019 748 3066 12
772 3012 897 3067 dimittes
920 3013 981 3066 VF
1002 3026 1006 3082 1
1033 3015 1107 3068 exti-

93 3090 201 3142 marel'
231 3090 240 3156 11
273 3091 306 3138 13
324 3083 435 3139 tollitur
453 3102 471 3137 a
498 3086 507 3153 11
535 3090 567 3138 15
591 3101 786 3139 conseruemus
805 3086 898 3154 lacps
931 3085 935 3156 1
969 3083 1109 3140 inferiore

99 3160 284 3227 VTEiaeqs
300 3157 303 3225 1
320 3155 463 3209 costodem
481 3158 507 3209 L
520 3158 529 3225 11
545 3163 577 3210 18
595 3155 688 3224 pluuis
710 3156 733 3226 Q
749 3159 753 3225 1
769 3171 919 3237 purgemus
933 3155 964 3209 Ε
976 3158 985 3225 11
1001 3161 1034 3209 19
1054 3174 1106 3210 no·

93 3229 171 3282 xium
188 3232 220 3282 ia
237 3235 321 3295 natu,
340 3227 386 3281 uel
404 3229 545 3280 mortuum
562 3244 648 3295 supra
662 3229 762 3296 Ε1120
780 3227 911 3280 limamus
926 3227 957 3280 Ε
965 3230 977 3307 11
992 3233 1024 3281 21
1046 3244 1105 3281 res-

94 3299 167 3353 cisus
183 3301 240 3354 PL
249 3301 281 3367 V,
300 3297 405 3352 recisus
425 3297 617 3368 ardicam,
635 3297 779 3367 praecisus
794 3299 825 3352 Ε
839 3303 843 3366 1
859 3301 925 3352 ante
943 3301 1003 3352 u1te
1018 3298 1083 3352 GE
1094 3299 1105 3371 11

94 3376 128 3424 23
151 3371 237 3424 fuerit
259 3371 385 3439 repertus
405 3369 446 3437 Ε,
469 3367 638 3439 inuentusp
662 3370 666 3440 1
690 3368 720 3421 in
740 3370 810 3423 duro
829 3386 878 3424 om.
890 3386 923 3437 p,
947 3368 978 3422 in
1000 3371 1105 3425 trunco

93 3442 163 3495 duro
173 3443 233 3495 hob.
244 3441 280 3508 F,
294 3443 377 3494 truno
387 3441 419 3494 ia
428 3458 511 3511 uturp.
523 3441 549 3494 V
559 3443 568 3510 11
583 3445 616 3493 24
632 3443 660 3494 et
673 3440 811 3495 rotundae
825 3458 874 3495 orn.
884 3441 915 3494 Ε
930 3439 933 3511 1
950 3440 1059 3495 debunt
1072 3442 1104 3512 Q,

84 3513 194 3565 dehent
209 3513 247 3564 Ε
