2378 3832
141 158 204 223 105
255 238 256 243 1
559 156 729 219 PALLADH

139 304 169 368 si
195 305 266 369 luto
295 326 334 367 ex
361 303 450 368 omni
476 306 570 388 parte
598 303 790 373 claudantur
816 303 870 367 uel
898 303 928 367 si
951 301 1081 369 defruto
1106 304 1158 371 in·

139 397 320 478 coquantur
339 396 395 457 eut
412 414 519 476 passo.
554 392 620 474 alii,
638 413 720 477 quae
739 391 864 461 maiora
882 396 968 478 sunt,
986 393 1041 459 fici
1061 392 1155 461 foliis

139 482 288 547 inuoluta
310 481 505 551 custodiunt.
542 481 599 546 elii
616 484 745 553 tentum
763 481 843 546 loeis
864 480 959 546 siccis
977 487 1154 568 reponunt,

15 612 19 623 ι
139 570 303 654 aquibus
330 575 447 636 uentus
471 570 662 637 excluditur.
709 569 767 635 ulii
789 591 893 637 canna
915 571 970 643 uel
992 571 1093 637 ebore
1116 572 1153 641 in

83 659 126 724 26
138 664 293 744 quattuor
310 664 420 743 partes
436 659 540 727 diuisa
554 659 692 724 sublatis
708 660 868 741 omnibus,
891 660 1025 743 quaein
1038 660 1146 727 medic
1175 688 1186 729 s

140 752 230 832 suut,
257 749 292 812 in
314 770 391 813 uase
413 748 508 813 fictili
531 748 626 813 melle
651 749 802 814 obruunt.
844 747 901 812 alii
923 749 958 814 in
981 748 1080 815 melle
1102 748 1150 817 sic

138 838 268 922 integre
291 837 476 920 demittunt,
499 837 534 901 in
558 858 622 921 quo
646 858 764 923 genere
788 836 957 903 condiendi
979 839 1064 905 satis
1082 861 1148 909 ma·

139 931 213 991 tura
231 925 428 1009 deliguntur.
461 925 517 990 clii
536 926 627 990 milio
647 927 789 992 obruunt
807 926 861 993 uel
878 925 982 1011 puleis
997 932 1148 1013 seperate

138 1015 337 1102 demergunt.
385 1014 441 1079 elii
463 1015 567 1100 plenis
591 1015 668 1080 uino
692 1015 817 1098 optimo
840 1016 983 1081 uasculis
1008 1015 1145 1083 mittunt

136 1105 189 1170 uel
211 1105 279 1169 uini
304 1109 337 1169 et
360 1103 480 1171 defruti
503 1104 544 1168 ad
567 1104 726 1168 seruanda
749 1105 891 1189 cydonea
914 1125 1058 1188 aequum
1080 1127 1173 1175 corr·

136 1216 197 1277 pus
230 1193 383 1259 efficiunt.
433 1193 489 1257 elii
521 1191 616 1257 doliis
649 1194 750 1257 musti
782 1198 935 1280 mergunt
968 1197 1068 1278 atque
1099 1195 1141 1259 ita

137 1283 303 1366 claudunt,
337 1283 423 1365 quod
454 1283 625 1347 odoratum
656 1281 763 1346 reddit
795 1286 828 1347 et
855 1282 977 1349 uinuuu
1024 1283 1080 1349 alii
1111 1282 1141 1348 in

136 1372 248 1455 patina
281 1393 367 1436 noua
399 1371 484 1436 sicco
513 1392 617 1456 gypso
646 1370 788 1435 obruunt
816 1377 966 1455 separata
994 1372 1140 1456 cydonea

80 1462 124 1527 27
204 1458 389 1535 SILIQVA.
427 1458 552 1544 Siliqua
574 1459 738 1525 februario
762 1481 872 1527 mense
896 1459 1017 1533 seritur
1040 1465 1074 1529 et
1091 1482 1139 1526 no·

135 1548 262 1613 uembri
290 1553 323 1613 et
351 1550 471 1614 semine
504 1554 537 1613 et
568 1548 700 1632 plantis.
746 1552 835 1615 amat
866 1550 938 1614 loca
970 1550 1167 1634 maritimqu

136 1637 248 1721 calida
271 1637 366 1722 sicca,
385 1637 592 1721 campestria:
615 1640 736 1722 tamen,
754 1643 791 1703 ut
811 1659 872 1724 ego
891 1642 1045 1722 expertus
1065 1660 1139 1723 sum,

134 1727 170 1790 in
200 1726 282 1790 loeis
314 1726 427 1793 calidis
459 1725 626 1792 fecundior
657 1726 730 1810 fiet,
762 1727 790 1792 si
823 1729 995 1793 adiuuetur
1024 1749 1139 1799 umora

134 1818 244 1899 potest
272 1819 306 1880 et
332 1815 427 1880 taleis
455 1815 541 1900 poni.
592 1816 742 1880 scrobem
770 1816 931 1885 desiderat
958 1816 1139 1903 largiorem

134 1904 234 1968 inseri
265 1927 337 1969 eam
364 1926 459 1989 posse
487 1926 595 1969 mense
623 1904 788 1970 februario
817 1906 951 1975 creduut
979 1906 1083 1990 aliqui
1108 1906 1140 1971 in

133 2015 238 2077 pruno
261 1994 314 2058 uel
337 1994 520 2078 amygdalo.
553 1993 688 2078 siliquae
708 1997 881 2059 seruentur
899 1993 1091 2080 diutissime,
1114 1995 1170 2060 sir

134 2083 358 2168 expandantur
379 2083 415 2146 in
439 2082 589 2147 cratibus.
770 2083 772 2087 ’

80 2173 123 2236 28
201 2170 362 2237 MORVS.
395 2171 511 2236 Amica
530 2175 580 2236 est
599 2192 708 2235 morus
729 2174 762 2237 et
779 2169 868 2235 uitis.
901 2193 1140 2239 morauascuu-

135 2265 189 2325 tur
217 2283 255 2325 ex
283 2261 418 2344 semine,
446 2260 502 2324 sed
530 2263 563 2324 et
590 2281 688 2342 poma
710 2264 743 2324 et
766 2260 912 2346 uirgulta
935 2260 1139 2346 degenerant

135 2351 269 2413 serenda
288 2354 338 2414 est
357 2349 452 2414 taleis
471 2349 524 2413 uel
541 2348 772 2433 cacuminibus,
790 2349 906 2417 melius
921 2352 1032 2415 autem
1046 2351 1140 2417 taleis

135 2438 412 2520 sesquipedalibus
448 2460 486 2501 ex
517 2441 654 2521 utraque
685 2443 777 2522 parte
811 2439 963 2524 leuigatis
997 2461 1035 2504 eo
1065 2441 1174 2505 fimors

134 2525 254 2589 oblitis.
293 2548 366 2590 cum
388 2527 497 2591 locum
519 2526 595 2611 palo
619 2531 695 2591 ante
718 2527 899 2612 fecerimus,
921 2528 1141 2614 inmergemus

207 2670 220 2716 1
241 2662 265 2716 si
284 2667 350 2718 sunt
367 2667 490 2720 matura:
510 2664 571 2718 luto
590 2681 624 2719 ex
643 2663 719 2719 omni
736 2668 817 2734 perte
832 2666 1013 2721 claudentur:
1033 2667 1081 2725 uel
1095 2668 1142 2722 de-

133 2735 208 2789 fruto
218 2736 230 2788 c'
241 2734 244 2807 1
257 2733 840 2861 1111031161οηα111ᾱθ1111οΡΕ1168Ἷίη
849 2739 955 2809 moro),
966 2737 1086 2794 defricto
1096 2740 1127 2795 Ε
1132 2738 1142 2812 1

133 2813 149 2861 2
169 2809 219 2860 aut
232 2823 315 2877 passo
330 2824 379 2861 om.
392 2825 414 2876 p
429 2810 433 2877 1
450 2807 503 2861 ficu
516 2807 580 2862 oliie
591 2807 751 2877 PLQVF,
765 2807 833 2861 ficus
847 2807 923 2862 foliis
936 2808 961 2863 θ
974 2811 984 2878 1
998 2815 1013 2865 3
1030 2812 1142 2869 tautum

132 2895 184 2934 om.
200 2880 230 2932 E
246 2880 256 2947 11
278 2883 295 2930 4
314 2895 405 2933 canna
422 2878 469 2932 uel
488 2881 571 2934 ebore
589 2880 619 2932 in
638 2881 744 2947 01111111
767 2884 781 2931 7
801 2877 955 2933 demittunt
973 2880 1028 2948 Es,
1048 2880 1141 2935 dimit·

131 2952 197 3004 tunt
214 2950 294 3004 ceteri
309 2949 314 3030 1
330 2966 385 3017 quo
404 2965 454 3003 om.
469 2951 500 3003 E
520 2952 529 3018 11
553 2955 568 3003 8
587 2949 744 3019 diliguntur
761 2950 811 3018 Ε1
831 2948 898 3003 milo
920 2950 946 3005 G
967 2952 978 3020 1
1001 2957 1017 3005 9
1036 2951 1141 3021 optimo

132 3038 183 3077 om.
199 3021 290 3090 81111
306 3019 464 3074 immittunt
481 3038 494 3074 s
516 3024 525 3089 11
549 3028 582 3075 10
602 3020 697 3074 defriti
716 3020 845 3089 PQGF,
865 3020 978 3076 defricti
995 3022 1046 3094 Ε1
1067 3022 1143 3079 cido·

132 3109 187 3146 nee
205 3093 241 3154 F,
265 3092 385 3160 cydonia
408 3092 466 3145 cdd.
495 3093 504 3160 11
532 3097 563 3144 11
583 3091 784 3161 immergunts
810 3093 820 3160 11
848 3097 880 3143 12
900 3091 1072 3148 clauduntur
1085 3095 1144 3153 ΕΡ

136 3163 272 3233 QGSFq
288 3169 320 3215 13
340 3165 453 3232 separat
469 3164 503 3228 L,
524 3165 652 3231 separato
670 3163 693 3232 Q
709 3164 712 3232 1
729 3161 847 3216 cidonea
861 3162 896 3231 F,
916 3163 1037 3232 cydonia
1055 3167 1114 3221 edd.

134 3240 167 3287 14
185 3235 233 3287 DE
254 3233 395 3298 SlLlQUA
416 3234 449 3301 G,
468 3231 516 3285 DE
536 3232 649 3288 SILICA
668 3234 698 3286 E
713 3236 716 3304 1
734 3232 1012 3302 Siliqua—cretibus
1031 3253 1117 3306 emp

132 3305 219 3358 Silioa
238 3306 268 3361 E
288 3308 297 3373 11
326 3310 359 3357 15
379 3307 476 3358 amant
493 3305 524 3357 E
539 3306 549 3373 11
573 3311 605 3357 18
624 3304 884 3429 (1111111817119
906 3305 993 3360 etiam
1006 3324 1062 3375 pro
1080 3323 1142 3363 eam

132 3376 277 3445 EFccys
290 3380 298 3445 11
313 3382 347 3428 20
367 3374 508 3445 amigdalo
522 3376 544 3429 S
555 3379 564 3445 11
579 3382 612 3428 22
631 3375 679 3428 DE
698 3375 800 3430 MORO
840 3375 989 3431 ERENDO
1005 3378 1054 3449 ΕΙ
1070 3377 1142 3433 Mori

132 3463 207 3500 naso.
223 3464 299 3517 ceys
322 3450 331 3516 11
361 3453 395 3499 24
414 3449 443 3500 et
457 3463 509 3516 pro
528 3447 574 3501 uel
589 3448 619 3500 Ε
644 3449 653 3516 11
682 3453 715 3500 ‘36
734 3446 931 3518 immergemus
949 3448 982 3516 S,
1001 3449 1142 3520 inmerge-

123 3534 189 3568 mus
204 3518 242 3587 Ε,
262 3517 448 3590 inmergimus
467 3518 681 3591 (immergimus)
700 3520 778 3573 ceteri
