2378 3832
140 175 202 240 138
556 173 726 229 raasson
779 232 807 258 g,

139 321 322 405 expandunt
348 324 420 385 toto
444 321 511 384 sole
535 320 698 384 siccandas
724 323 758 383 et
780 318 941 402 recipiunt
964 323 1059 383 nocte
1082 319 1133 382 sub

139 414 233 474 tecta.
271 431 356 474 nunc
374 409 511 473 ficulnea
531 409 697 473 cacumina
716 409 897 474 obruuntur
916 406 1054 491 utiliter,
1071 429 1134 472 cum

136 502 335 580 tumescunt,
367 502 405 561 ut
436 498 565 581 plantas
596 497 730 582 faciant,
764 496 791 561 si
819 519 930 560 earum
958 498 1053 580 copia
1078 518 1134 560 non

84 588 126 653 36
138 587 289 651 abundat.
329 591 367 650 ut
389 585 487 650 etiam
511 587 621 650 uarios
642 585 769 650 fructus
791 607 856 649 una
878 585 959 650 ficus
984 584 1134 666 exhibeat,

136 697 244 740 ramos
268 675 347 739 duos
370 675 484 759 nigrae
508 678 540 738 et
564 675 656 738 albae
681 675 833 739 arborum
852 675 899 738 ita
917 674 1005 738 inter
1023 695 1058 738 se
1076 674 1160 739 uin-s

136 765 209 829 culo
229 763 364 848 stringis
384 786 421 828 ac
440 767 581 846 torques,
600 768 637 827 ut
657 763 803 846 germina
822 763 956 826 miscere
975 767 1132 847 cogantur.

136 853 182 918 sic
206 852 315 917 obruti
339 856 372 916 et
395 852 567 916 stercorati
591 855 623 916 et
645 852 814 916 umoribus
833 851 910 934 iuti,
932 851 991 916 ubi
1015 851 1133 934 prodire

137 940 315 1024 coeperint,
344 941 562 1026 germinantes
591 940 702 1005 oculos
731 940 840 1023 aliqua
870 940 935 1004 sibi
965 940 1134 1004 adnexione

136 1028 334 1114 conglutina.
384 1033 461 1093 tunc
495 1050 626 1114 germen
659 1029 836 1093 adunatum
867 1027 1031 1113 parturiet
1064 1029 1133 1093 duos

135 1119 274 1200 colores,
298 1141 379 1201 quos
402 1119 528 1182 unitate
553 1117 690 1202 diuidat,
713 1117 871 1182 diuisione
895 1117 1085 1202 coniungat.
1143 1139 1161 1180 a

82 1209 123 1273 37
223 1207 282 1272 DE
297 1204 428 1271 POMIS
440 1205 641 1272 ALIORVM
656 1203 870 1271 MENSIVM.
894 1204 991 1270 Nunc
1006 1212 1040 1270 et
1053 1207 1133 1290 pirus

134 1297 187 1361 uel
210 1297 314 1360 malus
338 1297 437 1361 inseri
461 1318 498 1360 ac
521 1296 583 1359 seri
606 1298 717 1379 potest
740 1298 772 1358 et
796 1294 939 1378 cydonea
962 1298 997 1359 et
1019 1315 1133 1378 prunus

134 1386 288 1450 inseritur
307 1388 340 1448 et
359 1385 455 1449 sorba
468 1388 634 1468 ponuntur
648 1388 681 1448 et
699 1405 809 1447 morus
827 1404 913 1447 nono
933 1383 1133 1448 calendarum

135 1473 287 1557 aprilium
306 1474 356 1536 die
376 1478 409 1537 et
429 1475 614 1537 inseruntur
631 1471 770 1557 pistacia
787 1476 820 1536 et
833 1471 914 1537 locis
928 1470 1060 1558 frigidis
1075 1470 1134 1557 pini

134 1585 244 1627 semen
267 1562 462 1647 aspergitur.
1144 1581 1163 1622 a

151 1792 210 1857 DE
235 1788 550 1857 CONPARANDIS
574 1789 734 1876 BVBVS,
757 1789 933 1877 TAVRIS,
955 1788 1123 1857 VACOIS.

81 1917 128 1982 XI
200 1917 272 1982 Hoc
290 1937 398 1980 mense
418 1914 614 1999 conparandi
633 1919 709 1980 sunt
727 1916 837 1998 boues,
859 1915 914 1999 qui
932 1919 1056 1998 tamen,
1074 1916 1135 1979 siue

134 2007 172 2069 de
199 2007 321 2071 nostris
350 2005 518 2089 capiantur
546 2005 700 2068 armentis
729 2005 799 2068 siue
826 2009 990 2088 emantur,
1020 2004 1136 2068 ideireo

132 2116 218 2159 nunc
235 2095 437 2179 parabuntur
455 2093 578 2176 utilius,
597 2093 672 2176 quia
690 2094 827 2158 necdum
846 2093 960 2177 sagina
983 2092 1136 2176 temporis

133 2184 220 2267 pleni
244 2188 300 2248 aut
324 2184 427 2248 celare
450 2185 588 2266 possunt
611 2182 775 2246 fallaciam
797 2181 976 2246 uenditoris
1001 2186 1035 2246 et
1059 2180 1166 2245 uitiaa

134 2295 192 2336 sua
212 2273 326 2336 autad
346 2271 590 2356 repugnandum
609 2271 788 2334 domiturae
808 2273 1033 2335 contumacem
1052 2269 1136 2353 pleni

103 2360 259 2425 2roboris
278 2383 425 2425 exercere
443 2360 603 2424 fiduciam.
634 2359 712 2423 haec
731 2362 841 2423 tamen
856 2359 948 2444 signa
962 2359 1137 2442 spectanda

134 2452 209 2511 sunt
240 2449 274 2512 in
306 2449 426 2530 bubus,
459 2470 515 2513 seu
547 2449 585 2511 de
612 2451 725 2512 nostro
753 2470 810 2511 seu
837 2448 875 2511 de
904 2447 1011 2511 alieno
1040 2467 1136 2532 grege

134 2535 255 2600 fuerint
282 2538 490 2621 conparandi,
521 2542 558 2601 ut
586 2536 652 2601 sint
680 2538 780 2601 boues
808 2536 943 2619 nouelli,
971 2535 1136 2619 quadratis

205 2751 218 2798 1
235 2748 264 2799 et
277 2762 326 2799 oua
337 2748 440 2801 codices
450 2744 593 2814 practer'Q
608 2749 612 2813 Ι
628 2744 804 2815 praecipiunt
815 2746 852 2813 E,
862 2743 1002 2813 recipiunt
1013 2745 1087 2870 [θαῗ
1097 2761 1137 2814 cp,

132 2816 272 2886 recipiunt
292 2833 339 2870 eas
357 2835 394 2872 as
406 2820 445 2887 112
465 2817 543 2870 Tune
556 2817 587 2869 E
601 2820 605 2886 l
621 2815 756 2870 ficulneae
773 2817 796 2886 Q
812 2818 815 2886 Ι
832 2817 1044 2870 contumescant
1091 2815 1120 2870 F
1129 2816 1137 2884 ql

133 2894 149 2941 3
174 2887 214 2942 sic
232 2904 287 2957 pro
310 2887 333 2940 si
352 2889 378 2941 L
401 2890 409 2957 ΙΙ
438 2886 580 2941 turberis
599 2888 640 2954 E,
664 2888 809 2941 ambarum
830 2887 857 2941 G
886 2888 889 2956 Ι
919 2885 961 2940 ita
979 2903 1030 2940 om.
1047 2887 1079 2955 S,
1099 2886 1137 2940 ita

132 2959 207 3013 inter
225 2976 254 3013 se
273 2976 322 3013 om.
339 2960 375 3026 E,
394 2959 468 3013 inter
487 2975 516 3012 se
535 2957 576 3012 ita
594 2960 655 3013 bob.
675 2960 767 3029 tacps
780 2961 818 3028 ll
839 2956 930 3011 adiuti
948 2958 974 3010 V
994 2959 1003 3027 ΙΙ
1023 2963 1039 3010 8
1059 2957 1137 3012 oculo

133 3030 257 3101 PLQV
279 3033 282 3099 1
307 3029 382 3084 inter
401 3047 430 3085 se
448 3049 467 3084 a
492 3032 495 3099 l
521 3028 690 3083 adnextione
708 3029 741 3097 S,
766 3028 932 3083 adnectione
951 3029 982 3081 Ε
1003 3031 1012 3098 ΙΙ
1040 3034 1056 3082 9
1076 3047 1137 3083 eon-

133 3101 276 3171 glutinata
296 3101 322 3155 G
344 3104 353 3171 ΙΙ
378 3107 408 3155 11
429 3100 610 3154 MENSUUM
630 3100 782 3169 PLQVG
799 3103 802 3170 l
822 3100 903 3153 Nunc
921 3099 968 3153 uel
985 3099 1079 3154 malus
1098 3100 1137 3154 in·

133 3173 187 3226 seri
205 3175 298 3242 potest
317 3189 349 3225 ac
363 3172 458 3226 seriE
470 3175 479 3241 ll
494 3177 526 3224 12
546 3171 664 3225 cidonea
679 3171 740 3239 VT,
760 3170 879 3240 cydonia
892 3171 950 3225 cdd.
966 3172 1024 3239 1113
1042 3171 1138 3225 kalen·

133 3244 183 3296 das
203 3243 304 3313 apriles
323 3245 342 3312 t,
362 3243 498 3297 Calendas
517 3242 626 3323 Apriles
646 3261 659 3296 s
680 3245 690 3311 ll
714 3247 746 3296 14
766 3242 812 3295 die
831 3258 914 3311 onap
934 3243 937 3311 l
957 3240 1066 3310 pisatis
1084 3243 1114 3296 Ε
1130 3242 1138 3311 lg

134 3320 166 3367 15
186 3313 366 3384 adspergitur
384 3315 419 3384 L,
439 3316 597 3383 asperg1tur
615 3313 839 3383 SEFGacqsss
854 3320 886 3366 16
905 3311 1022 3366 BOBVS
1040 3314 1079 3379 Ε,
1098 3313 1137 3366 De

131 3384 233 3452 bobus,
252 3385 354 3454 tauris,
377 3389 406 3440 et
423 3384 516 3438 uaccis
535 3386 591 3438 iac
604 3386 613 3453 ll
628 3391 660 3438 19
680 3385 916 3453 comparabuntur
934 3401 1012 3454 acqs
1026 3387 1035 3454 l
1049 3389 1082 3438 21
1103 3383 1138 3437 ad

127 3471 176 3508 om,
192 3456 386 3529 PV²Gaeqs
399 3459 405 3529 l
420 3455 635 3529 repugnandum
649 3456 687 3525 Ε,
701 3455 883 3525 repugnando
899 3455 1030 3525 Gocpsll
1044 3461 1079 3509 22
1094 3471 1138 3509 ex·

106 3525 258 3590 pectanda
281 3527 492 3599 Ql23b0b11⁹
514 3531 645 3601 Elaeos
