2378 3832
111 155 153 223 25
531 154 701 211 11111111

65 303 174 367 31111.
220 300 307 366 fetus
334 299 558 384 frequentant,
588 301 617 364 si
643 300 801 368 hordeum
828 299 1042 366 torrefactum
1072 301 1128 365 uel

111 391 221 456 fabam
248 390 301 453 uel
330 411 443 456 eruum
471 411 567 474 saepe
595 393 796 456 consumant.
841 389 981 474 triginta
1012 395 1127 457 autem

111 478 270 545 columbis
298 478 486 544 uolantibus
514 479 621 543 diurni
654 482 720 542 tres
755 478 887 543 sextarii
919 477 1023 542 tritici
1059 479 1126 544 suf·

109 569 221 634 111111
249 571 305 631 aut
333 570 494 652 creturae,
521 567 569 633 ita
591 571 630 632 ut
653 589 766 635 eruum
788 567 874 631 fetus
900 565 1008 652 gratia
1036 589 1126 634 men·

111 657 201 722 sibus
229 657 441 742 praebeamus
471 655 625 720 hibernis.
673 661 764 721 rutae
794 657 938 721 ramulos
967 656 1123 739 plurimis
1151 687 1159 726 1

110 746 191 812 locis
215 748 345 829 oportet
369 749 483 812 contra
506 743 663 811 animalia
684 744 817 811 inimica
839 747 1046 830 suspendere.

319 927 322 932 ’
428 976 489 1040 nn
514 974 803 1042 rvnrvrunvs

53 1101 149 1167 XXV
219 1100 281 1167 Sed
301 1102 493 1166 columbarii
512 1102 610 1166 cellae
626 1101 688 1167 duo
706 1101 852 1166 subiecta
866 1100 1015 1168 cubicula
1030 1103 1124 1188 fiant,

108 1214 210 1257 unum
233 1193 331 1256 breue
355 1193 388 1254 ct
410 1212 511 1275 prope
536 1188 722 1272 obscurum,
751 1212 814 1273 quo
842 1194 987 1255 turtures
1012 1191 1123 1259 claudi

108 1282 250 1365 possint,
278 1301 360 1363 quos
387 1279 512 1349 nutrire
540 1279 731 1345 facillimum
759 1283 818 1344 est.
859 1301 935 1343 nam
960 1280 1046 1345 nihil
1071 1303 1159 1347 111-11

107 1375 234 1453 petunt,
256 1369 321 1433 nisi
344 1372 381 1433 ut
404 1372 538 1453 aestate,
561 1391 625 1453 qua
645 1369 715 1433 sola
735 1367 873 1433 maxime
892 1368 1122 1456 pinguescunt,

108 1459 257 1525 triticum
285 1457 338 1522 uel
366 1457 494 1522 milium
522 1460 628 1523 mulsa
656 1461 855 1524 maceratum
883 1480 1010 1542 semper
1039 1460 1122 1525 aeci·

108 1548 209 1631 piant.
248 1545 409 1611 semodius
433 1569 516 1611 unus
540 1547 673 1611 diurnus
697 1546 1122 1631 111111111111811111111111111-Δ

107 1637 169 1700 bus
194 1634 323 1700 sufficit.
362 1656 446 1718 aqua
469 1657 545 1701 sane
569 1634 615 1700 eis
639 1635 825 1720 frequenter
849 1636 999 1701 mundior
1021 1637 1121 1704 debet

108 1724 225 1789 offerri.
1134 1750 1158 1791 rs

484 1865 544 1930 Da
568 1863 741 1931 TVRDIS.

53 1989 166 2058 XXVI
233 1989 333 2056 Aliud
360 2012 438 2056 uero
466 1991 650 2058 cubiculum
677 1992 791 2057 turdos
822 1991 956 2056 nutriat
1003 1992 1061 2076 qui
1091 1994 1117 2058 si

107 2079 212 2146 alieno
236 2084 382 2164 tempore
407 2080 610 2166 saginentur,
638 2084 671 2144 et
695 2081 900 2165 uoluptatem
924 2081 989 2145 cibi
1013 2086 1048 2147 et
1070 2106 1119 2148 re-

107 2170 212 2234 ditum
236 2169 412 2234 maximum
435 2173 605 2253 praestant
630 2169 784 2254 parcitati
807 2169 999 2234 beneficium
1023 2171 1118 2239 mini·

106 2262 232 2324 strante
260 2258 395 2323 luxuria.
438 2258 481 2322 sit
509 2262 619 2325 autem
647 2259 738 2323 locus
766 2259 904 2323 mundus
931 2262 964 2324 et
986 2260 1116 2327 lucidus
1130 2283 1153 2324 11

105 2351 139 2411 11
171 2348 312 2431 undiquc
333 2345 518 2432 ‘lenigatus
568 2352 773 2417 transuersae
810 2348 845 2410 in
877 2347 941 2412 hoc
972 2348 1117 2431 perticae

105 2435 260 2520 figuntur,
280 2437 396 2519 quibus
415 2436 545 2520 possint
561 2440 636 2520 post
654 2436 816 2500 inclusum
829 2435 977 2501 uelatum
995 2437 1117 2504 sedere.

60 2522 189 2611 2111111
221 2524 320 2588 etiam
352 2524 472 2589 uirides
500 2547 596 2608 saepe
625 2528 800 2589 mutentur.
847 2524 970 2589 caricae
997 2530 1116 2592 tunsae

106 2613 219 2677 mixtis
237 2612 414 2696 pollinibus
432 2612 617 2698 largissime
633 2614 857 2697 praebeantur.
891 2614 991 2698 myrti
1005 2615 1116 2701 etiam,

105 2702 133 2766 si
152 2701 290 2767 facultas
310 2705 370 2786 est,
391 2701 529 2787 lentisci,
553 2702 696 2785 oleastri,
714 2702 837 2787 ederae,
860 2703 970 2768 arbuti
990 2705 1115 2771 semina
1127 2725 1150 2768 11

176 2883 192 2929 1
211 2876 329 2930 herbum
347 2893 437 2932 omncs
451 2883 562 2945 praeto
579 2894 593 2931 s
608 2880 612 2946 Ι
629 2879 823 2931 consummant
841 2877 868 2930 L
882 2879 891 2946 Η
912 2885 927 2931 3
947 2877 1060 2932 sestarii
1078 2880 1090 2934 i
1109 2879 1117 2952 Η

103 2946 248 3002 sufficiunt
263 2965 284 3017 p
302 2950 311 3018 ΗΗ
329 2954 346 3000 4
365 2949 510 3002 creaturae
531 2948 592 3002 GE
608 2952 617 3018 ΗΗ
641 2954 656 3001 5
675 2951 738 3003 rute
756 2949 783 3001 L
819 2951 992 3003 rutae-sus
1013 2950 1116 3006 endere

103 3037 153 3074 om.
171 3019 218 3090 ΕΗ
234 3018 361 3089 pluribus
379 3021 454 3144 iope
472 3022 481 3101 ΗΗ
500 3026 515 3073 7
534 3018 582 3072 DE
602 3018 837 3074 TURTURARO
856 3020 887 3073 E
899 3023 939 3090 llss
958 2968 1115 3076 coiumban

103 3090 310 3159 nosram,
326 3089 418 3144 colum
439 3107 497 3145 arro
512 3091 543 3144 E
555 3093 564 3160 ΗΗ
579 3096 612 3144 10
626 3093 744 3160 possunt
757 3090 780 3145 S
790 3093 799 3159 ΗΗ
815 3096 847 3145 11
861 3090 983 3146 maxime
997 3109 1048 3148 om.
1064 3094 1108 3164 ΕΗ

106 3168 138 3214 13
153 3162 203 3215 sed
216 3161 326 3216 modius
336 3161 400 3214 LE
414 3163 418 3232 Η
435 3161 550 3216 diurnus
560 3179 610 3216 om.
621 3163 658 3231 E,
674 3161 821 3216 diuturnus
830 3163 892 3217 aas.
908 3163 934 3216 V
944 3165 953 3231 Η
969 3168 1003 3217 14
1016 3163 1061 3218 his
1075 3165 1101 3218 V

103 3231 233 3286 mundior
250 3234 314 3289 incl.
334 3250 370 3303 cy
392 3235 401 3302 Η
425 3238 457 3286 11
483 3232 561 3287 afferi
584 3234 615 3287 Ε
636 3236 645 3302 Η
668 3238 701 3286 16
725 3232 825 3287 turdus
851 3233 874 3302 Q
895 3236 904 3303 Η
928 3239 960 3305 17
985 3251 1043 3302 qua
1061 3236 1089 3290 L

105 3308 138 3355 18
156 3305 281 3373 tempore
300 3321 349 3358 om.
365 3304 409 3375 Vl
425 3303 601 3359 uoluntatem
619 3304 683 3357 LF
700 3310 704 3368 Ι
726 3303 820 3357 cibum
838 3307 867 3358 et
884 3304 1040 3359 remedium
1058 3308 1090 3361 Ε

103 3378 138 3426 10
157 3374 190 3428 fit
207 3375 306 3429 Lesa
322 3376 326 3445 Η
342 3375 462 3428 mundus
481 3379 509 3430 11
527 3374 634 3430 nitidus
654 3377 683 3429 11
700 3374 810 3428 lucidus
830 3377 862 3445 S,
885 3376 1006 3430 mundus
1025 3380 1055 3431 et
1072 3377 1112 3431 ni-

101 3443 180 3497 tidus
199 3444 308 3499 lucidus
323 3447 353 3499 Ε
365 3452 374 3513 Η
388 3453 420 3499 11
440 3447 564 3515 perticae
583 3447 629 3501 uel
647 3445 771 3516 porticus
786 3447 812 3500 V
823 3450 832 3517 Η
846 3452 879 3500 11
899 3448 1023 3518 figantur
1038 3449 1093 3503 VT
1103 3448 1114 3520 Η

79 3520 135 3564 ’24
151 3515 338 3582 largr'tr'ssime
361 3517 501 3589 (11111111
521 3520 547 3574 V
558 3521 567 3590 ΗΗ
582 3524 616 3573 11
636 3517 745 3572 arbusti
764 3519 791 3572 Ε
