2370 3832
424 175 710 232 ionicum-a.
1007 178 1069 243 183

64 325 161 405 atque
190 321 311 384 deuexo
339 325 371 385 et
399 322 550 386 sabuloso
574 321 688 386 melior
710 322 863 387 nascitur.
908 323 972 387 loci
995 323 1110 407 pro-2

64 411 188 492 prietas
211 413 384 492 utrumque
408 432 516 474 semen
534 411 568 474 in
587 410 725 475 alterum
744 415 857 475 mutat.
893 434 969 476 nam
987 433 1067 496 rapa

63 501 99 561 in
126 498 190 561 alio
219 499 289 563 solo
317 521 374 582 per
401 497 567 563 biennium
595 505 666 563 sata
695 505 863 563 mutantur
889 501 923 563 in
950 522 1066 583 napos:

63 585 128 651 alio
147 608 225 651 uero
244 609 346 670 napus
365 588 484 651 transit
501 588 536 651 iu
555 609 642 672 rapa.
671 589 842 653 subactum
862 590 967 654 solum
987 593 1067 653 ster·

33 680 211 741 sooratum
243 679 470 759 uersatumque
502 679 709 760 conquirunt,
741 676 827 760 quod
859 683 892 742 et
924 677 1003 761 ipsis
1033 681 1066 741 et

64 764 228 848 segetibus
260 764 421 848 proderit,
453 787 534 848 quae
567 765 613 828 ibi
646 787 730 830 anno
762 765 874 829 eodem
906 770 1064 830 seruntur.
1138 848 1140 853 Α

63 852 177 936 iugero
205 873 358 936 raporum
385 858 540 936 quattuor
568 854 715 939 sextarii,
741 853 818 937 napi
842 858 950 919 autem
974 854 1067 937 quin-

64 962 126 1024 que
154 940 328 1006 sufficiunt.
374 942 402 1004 si
430 941 535 1026 spissa
558 948 647 1026 sunt,
674 942 859 1006 interuelles
882 943 1004 1026 aliqua,
1030 948 1066 1007 nt
1089 942 1109 1006 3

63 1033 171 1094 cetera
193 1030 395 1093 roborentur.
429 1034 467 1094 ut
488 1053 566 1096 uero
587 1031 710 1095 semina
728 1031 852 1096 maiora
870 1030 1067 1116 redigantur,

20 1126 155 1184 1oeruta
187 1140 265 1201 rapa
300 1117 387 1182 foliis
422 1120 570 1183 omnibus
608 1119 763 1204 purgabis
801 1124 833 1183 et
869 1121 910 1183 ad
942 1120 1066 1183 dimidii

63 1204 160 1291 digiti
184 1206 431 1273 crassitudinem
454 1208 488 1271 in
512 1209 601 1273 caule
625 1208 776 1272 succides.
814 1212 891 1272 tunc
913 1208 949 1271 in
968 1207 1066 1272 sulcis

63 1295 236 1379 diligenter
263 1296 407 1360 subactis
436 1297 560 1360 octonis
584 1296 697 1382 digitis
720 1301 870 1381 separata
893 1296 1009 1361 obrues
1033 1300 1067 1360 et

62 1382 175 1448 inicies
199 1387 320 1449 terram
343 1390 376 1449 et
400 1385 549 1450 calcabis.
593 1384 642 1449 ita
665 1407 783 1470 magna
805 1388 986 1450 nascentur.

452 1614 512 1708 nn
536 1612 678 1680 Poma.

20 1765 46 1805 15
129 1737 202 1803 Hoc
229 1738 328 1802 etiam
355 1759 465 1802 mense
496 1738 704 1823 inplastratio
736 1739 891 1803 celebrari
923 1743 1042 1823 potest,
1065 1738 1117 1804 ΙΙΙ·

62 1829 146 1893 siout
165 1830 239 1890 ante
259 1827 487 1907 demonstraui‚
505 1832 539 1892 et
558 1828 648 1912 pirus
668 1827 720 1892 uel
735 1827 839 1893 malus
852 1827 932 1893 locis
947 1827 1065 1893 umidis

60 1938 146 1981 nunc
165 1915 265 1979 insita
285 1937 335 1979 me
355 1917 542 1999 explorante
561 1918 728 2000 processit.
758 1917 821 1982 hoo
840 1918 938 1982 etiam
956 1939 1064 1980 mense

60 2007 95 2069 in
117 2004 222 2089 pomis
246 2004 407 2087 serotinis,
430 2027 511 2088 quae
534 2005 681 2069 ubertate
704 2005 805 2068 nimia
829 2027 936 2070 ramos
957 2027 1065 2069 onera·

61 2096 187 2176 uerunt,
206 2092 290 2157 sicut
307 2092 465 2177 praedixi,
480 2093 702 2178 interlegenda
720 2098 805 2176 sunt,
825 2095 852 2158 si
867 2115 931 2177 qua
944 2093 1065 2156 uitiosa

19 2209 46 2247 20
60 2181 254 2266 reppereris,
281 2186 319 2245 ut
347 2181 472 2246 arboris
501 2203 613 2245 sucum
640 2186 806 2246 nectamus
831 2182 870 2244 ad
893 2181 1063 2245 meliorum

58 2270 259 2335 nutrimenta
281 2292 461 2354 pomorum.
496 2291 582 2334 nnnc
601 2269 675 2334 citri
694 2269 812 2333 taleam
830 2270 902 2334 loco
922 2269 1059 2354 inriguo,
1083 2271 1105 2334 2

58 2358 188 2444 frigidis
211 2359 400 2443 regionibus
422 2358 587 2442 plantasse
611 2379 661 2421 me
686 2358 817 2421 memini
840 2362 872 2421 et
892 2358 1063 2423 cotidianis

60 2450 220 2511 animasse
247 2446 442 2530 liquoribus
471 2469 552 2530 quae
580 2450 614 2510 et
640 2446 800 2510 nascendo
829 2451 862 2510 et
888 2447 1063 2511 adserendo

58 2541 175 2601 uotum
197 2535 364 2600 felicitatis
388 2535 548 2618 aequauit.
589 2535 651 2599 hoo
674 2538 819 2618 tempore
842 2535 922 2599 locis
946 2535 1064 2600 umidis

17 2651 43 2691 25
58 2625 218 2690 inoculari
245 2625 325 2690 ficus
353 2627 386 2688 et
412 2623 511 2688 inseri
539 2624 676 2688 citreum
703 2626 827 2706 potest,
859 2646 968 2688 mense
998 2624 1064 2688 iam

133 2825 145 2869 1
160 2815 261 2870 melius
270 2816 326 2870 SE
337 2816 340 2888 Ι
351 2815 476 2869 nascitur
489 2815 588 2870 melior
599 2816 668 2888 θΙΙῖ
682 2816 808 2868 mutatur
817 2816 828 2867 Ι
837 2815 872 2887 ΙΙ3
887 2818 949 2869 sata
958 2832 1007 2869 ona.
1019 2815 1049 2867 E
1056 2813 1059 2884 Ι

58 2896 75 2942 4
99 2904 199 2956 rapum
222 2905 310 2958 ωερε,
334 2903 431 2956 rapam
453 2888 466 2939 i
494 2888 498 2956 Ι
526 2888 712 2956 temperatum
732 2902 785 2954 pro
809 2888 992 2940 stercoratum
1014 2885 1045 2938 E
1056 2886 1059 2955 Ι

59 2966 74 3013 7
95 2958 218 3012 sextaria
234 2958 264 3028 Q,
284 2957 401 3012 sestaria
415 2960 426 3010 Ι
439 2959 448 3027 ΙΙ
462 2962 478 3010 8
498 2957 555 3011 sint
570 2959 596 3012 G
612 2960 615 3028 Ι
631 2957 704 3012 inter
719 2973 748 3009 se
762 2957 849 3010 uelles
863 2957 890 3010 V
885 2957 911 3082 (Ι
924 2964 939 3010 9
958 2954 1065 3009 maiora

58 3030 167 3083 semina
176 3030 207 3082 E
221 3031 225 3099 Ι
240 3029 404 3098 redigantur
417 3028 524 3082 maiora
535 3028 561 3082 G
574 3031 583 3099 ΙΙ
598 3034 631 3082 10
644 3044 748 3098 purgas
759 3027 881 3108 PLQV
915 3029 971 3083 SE
977 3027 1048 3080 TFi
1056 3027 1066 3098 ΙΙ

60 3107 93 3154 13
116 3099 198 3153 inicis
218 3100 445 3170 PQVSETFa'
465 3103 469 3170 Ι
489 3099 518 3152 in
538 3099 688 3154 cisternam
702 3115 755 3168 pro
773 3098 871 3152 inicres
890 3101 994 3153 terram
1012 3097 1064 3222 Li

59 3171 185 3226 calcibus
201 3171 346 3240 proculcas
357 3188 379 3239 p
395 3173 399 3242 Ι
414 3173 563 3225 nascentur
577 3172 610 3237 P,
628 3172 759 3225 nascetur
774 3170 800 3224 G
813 3172 822 3239 ΙΙ
837 3174 871 3222 14
888 3169 937 3222 DE
956 3166 1046 3221 ΡΟΜΙ

58 3243 98 3296 IN
117 3241 165 3296 ΕΟ
184 3243 214 3295 Ε
226 3245 235 3311 ΙΙ
251 3247 283 3295 15
302 3241 489 3310 implastratio
508 3244 531 3310 Ι,
551 3240 743 3310 emplastratio
762 3257 837 3312 arpa
855 3243 864 3309 ΙΙ
884 3246 917 3294 16
935 3239 1011 3310 prius
1031 3241 1064 3308 P,

59 3332 146 3383 pyrus
165 3314 191 3367 V
206 3316 215 3382 ΙΙ
235 3318 267 3366 19
287 3312 406 3382 legenda
421 3331 443 3382 p
456 3317 465 3383 ΙΙ
483 3318 517 3365 20
535 3311 652 3367 meliora
670 3314 700 3366 Ε
712 3314 721 3381 ΙΙ
735 3317 767 3364 21
788 3327 861 3365 nunc
880 3311 1012 3365 tratalem
1033 3310 1064 3380 Q,

59 3402 135 3438 nuno
154 3383 241 3438 etiam
258 3383 364 3436 taleam
382 3385 393 3436 Ι
410 3386 419 3452 ΙΙ
438 3390 471 3437 22
490 3401 534 3437 me
552 3384 695 3453 plantasse
714 3384 818 3454 iacgr,
838 3398 882 3436 me
901 3400 950 3437 ons.
970 3382 1001 3435 Ε
1015 3383 1019 3453 Ι
1035 3385 1065 3436 et

58 3473 109 3511 om.
120 3455 182 3509 GE
193 3457 202 3524 ΙΙ
217 3453 443 3508 infelicitatibus
453 3455 484 3507 Ε
498 3460 502 3522 Ι
519 3454 652 3523 aequabit
662 3454 749 3523 PLQ
759 3453 871 3522 VFGa',
885 3455 1008 3522 aequant
1017 3453 1061 3523 ΕΙ

56 3527 119 3580 Hoc
133 3543 228 3580 mense
238 3526 268 3578 Ε
283 3528 286 3594 Ι
302 3525 354 3578 hoo
368 3525 701 3595 tempore—circumfodi
710 3542 790 3594 occup
803 3527 863 3594 llas
878 3525 984 3578 citrius
996 3539 1081 3585 acas
