2370 3832
435 181 553 238 Aemo.
567 183 606 238 XI
620 189 724 238 11-12
1023 185 1088 249 219

78 326 218 392 ocimum
237 348 365 411 quoque
384 326 485 393 etiam
502 351 588 394 nunc
607 351 760 412 seremus,
779 331 865 414 quod
884 331 980 396 citius
997 331 1088 396 nasci

76 415 182 569 tergm
209 415 271 481 hoc
298 419 458 501 tempore,
486 417 514 482 si
540 419 624 484 aceti
646 418 751 483 imbre
774 419 892 484 leuiter
915 423 1089 506 spargatur

76 527 111 569 1n
149 527 232 570 sum.

470 645 530 712 DE
553 647 697 714 POMIS.

48 797 61 838 5
144 767 204 835 Cui
236 771 343 854 placet
371 791 464 835 curas
492 793 588 857 agere
617 772 812 857 seculorum,
844 773 883 838 de
913 774 1032 858 palmis
1073 772 1138 839 XII

76 859 201 944 cogitet
220 859 434 925 conserendis
466 860 530 926 hoc
548 861 651 947 igitur
670 883 779 926 mense
799 862 1003 947 dactylorum
1021 885 1088 928 non

75 953 224 1014 ueterum
247 949 302 1013 sed
324 968 487 1013 nouorum
510 971 548 1015 ac
569 949 743 1035 pinguium
764 952 907 1015 recentia
933 972 1008 1016 ossa
1032 952 1087 1016 de-

76 1036 168 1102 bebit
201 1037 351 1120 obruere,
383 1042 490 1103 terrae
523 1039 663 1104 cinerem
691 1038 836 1104 miscere.
881 1040 911 1104 si
937 1039 1086 1124 plantam

75 1124 170 1210 uelit,
197 1127 347 1210 ponenda
374 1130 424 1190 est
452 1126 548 1210 aprili
575 1149 685 1193 mense
713 1128 766 1192 uel
788 1128 883 1193 maio.
930 1128 1011 1194 locis
1036 1130 1087 1193 de·
1147 1160 1152 1167 ·

36 1243 62 1281 ro
76 1214 216 1279 lectatur
244 1214 363 1298 apricis
391 1218 426 1280 et
453 1216 575 1280 calidis.
620 1216 761 1282 fouenda
788 1221 852 1299 est,
884 1221 922 1280 ut
952 1221 1086 1301 crescat,

76 1324 197 1367 umore.
242 1307 365 1369 terram
394 1304 536 1368 solutam
569 1305 623 1370 uel
651 1304 841 1370 sabulonem
864 1304 1015 1390 requirit,
1038 1306 1086 1371 ita

76 1396 199 1475 tamen,
226 1396 277 1476 ut,
304 1392 433 1477 quando
461 1393 575 1477 planta
602 1394 802 1478 disponitur,
830 1394 915 1459 circa
937 1417 1009 1460 earn
1033 1395 1086 1459 uel

75 1481 136 1545 sub
160 1503 198 1546 ea
220 1481 352 1566 pinguis
376 1484 464 1545 terra
486 1481 649 1546 fundatur.
695 1483 845 1548 annicula
868 1483 1086 1548 transferatur

75 1572 133 1634 eut
160 1569 249 1634 bima
276 1569 367 1635 iunio
394 1592 505 1635 mense
532 1571 586 1636 uel
613 1569 692 1636 iulio
721 1571 904 1656 incipiente.
951 1572 1129 1638 circum-2

35 1685 61 1724 15
75 1657 218 1722 fodiatur
241 1659 373 1724 adsidue
395 1662 427 1724 et
445 1659 607 1745 rigatione
627 1660 799 1726 continuos
819 1661 953 1726 aestatis
973 1662 1085 1727 uincat

75 1747 214 1811 ardores.
265 1748 358 1832 aquis
394 1748 521 1832 palmae
554 1750 759 1834 aliquatenus
793 1748 887 1815 salsis
920 1752 1084 1835 indantur,

75 1857 157 1919 quae
183 1836 272 1900 infici
299 1837 418 1901 debent
442 1837 579 1924 salibus,
607 1839 707 1903 etiam
730 1839 759 1902 si
782 1839 865 1904 tales
889 1862 943 1904 eas
966 1842 1084 1904 natura

73 1945 139 1989 non
165 1925 325 2009 praebuit.
371 1925 400 1990 si
423 1947 521 2011 aegra
543 1932 593 1991 est
616 1929 726 2012 arbor,
752 1927 838 1993 feces
867 1929 935 1992 uini
962 1928 1083 1993 ueteris

74 2012 284 2097 ablaqueatae
313 2018 443 2097 oportet
470 2015 597 2079 infundi
624 2014 678 2080 uel
704 2016 849 2081 radicum
882 2037 1083 2098 superuacua

33 2130 60 2170 ao
75 2101 303 2186 capillamenta
321 2102 426 2167 decidi
444 2103 497 2168 uel
516 2125 653 2168 cuneum
672 2103 781 2168 salicis
799 2104 982 2168 interfossis
999 2103 1083 2168 radi-

74 2191 166 2257 cibus
184 2191 295 2274 premi.
326 2195 456 2256 constat
475 2196 585 2256 autem
603 2191 712 2257 locum
729 2214 831 2276 prope
849 2190 948 2256 nullis
967 2191 1083 2256 utilem

73 2280 248 2364 fructibus,
275 2280 311 2344 in
336 2301 400 2364 quo
423 2280 550 2365 palmae
574 2285 690 2363 sponte
713 2285 900 2345 nascuntur.
944 2280 1084 2365 pistacia
1107 2281 1128 2346 3

74 2372 226 2433 seruntur
248 2373 404 2434 autumno
428 2391 538 2434 mensa
562 2369 690 2434 octobri
708 2372 741 2432 et
761 2369 874 2434 subole
893 2373 927 2432 et
944 2369 1082 2434 nucibus

73 2457 155 2522 suis:
188 2457 244 2522 sed
271 2458 388 2522 melius
415 2457 488 2542 ipsa
510 2458 649 2542 pistacia
672 2457 783 2522 iuncta
805 2461 983 2542 ponuntur,
1011 2480 1082 2523 mas

30 2574 58 2614 as
73 2569 111 2612 ac
133 2545 261 2611 femina.
309 2568 431 2611 marem
455 2547 579 2631 dicunt,
607 2545 660 2612 cui
685 2547 746 2610 sub
770 2546 858 2611 corio
883 2548 973 2612 uelut
997 2548 1083 2613 ossei

72 2635 163 2720 longi
186 2634 338 2699 uidentur
360 2635 461 2700 latere
484 2635 638 2701 testiculi.
684 2634 738 2718 qui
762 2634 952 2720 diligentius
974 2636 1081 2701 facero

72 2723 227 2809 uoluerit,
254 2727 402 2808 pertusos
431 2723 584 2790 caliculos
611 2729 644 2790 et
667 2728 847 2789 stercorata
870 2729 957 2789 terra
980 2725 1083 2808 reple·

144 2903 160 2950 2
183 2898 281 2967 ymbre
304 2899 332 2952 V
355 2901 364 2967 [l
390 2904 408 2951 4
431 2897 503 2951 VEL
525 2897 658 2952 PALMIS
680 2897 899 2952 INSERENDIS
926 2898 1006 2952 addit
1028 2897 1059 2950 E
1074 2897 1085 2970 ll

73 2974 90 3023 θ
114 2968 283 3023 dactilorum
305 2969 442 3036 LGTE,
467 2969 645 3023 dactulorum
667 2969 788 3025 PVSF
810 2972 820 3039 ΙΙ
848 2975 863 3023 7
887 2967 1003 3024 debebis
1027 2968 1058 3021 E
1071 2968 1082 3041 fl

74 3039 234 3110 &palmam
250 3040 410 3109 ponendam
429 3039 588 3094 curabimus
606 3040 710 3111 Aprp
734 3043 738 3113 Ι
762 3041 863 3111 planta
880 3040 912 3094 E
936 3043 946 3110 ΙΙ
973 3045 988 3093 9
1008 3038 1083 3093 maio

72 3127 168 3166 mense
187 3111 218 3165 E
231 3113 235 3181 l
253 3110 430 3166 delectantur
446 3112 494 3180 Gn
509 3117 541 3164 12
561 3110 711 3180 deponitur
729 3129 805 3194 acps
818 3114 828 3182 ΙΙ
843 3117 876 3164 14
894 3110 963 3164 bina
976 3111 1007 3164 E
1021 3110 1025 3182 Ι
1041 3109 1084 3164 in·

73 3182 196 3253 cipiante
215 3181 261 3236 uel
279 3181 349 3236 iulio
367 3184 425 3239 PL
434 3183 485 3238 VS
491 3183 598 3238 rnna·
619 3184 628 3252 ΙΙ
651 3188 685 3236 15
704 3185 737 3237 ut
754 3182 894 3254 ngatione
913 3183 965 3251 top
989 3183 993 3252 Ι
1019 3197 1084 3236 oon-

72 3253 153 3308 tinuo
180 3254 222 3321 E,
251 3252 385 3308 continua
412 3272 448 3325 cp
476 3255 480 3326 Ι
510 3253 608 3308 uincet
635 3270 685 3308 ora.
709 3254 740 3308 E
765 3257 774 3325 ΙΙ
803 3260 834 3308 16
862 3252 996 3308 iuuentur
1022 3253 1077 3326 ΕΙ

73 3331 106 3379 17
127 3323 271 3394 eteia'lsi
289 3327 404 3396 (ΜΡΝ
424 3331 456 3379 18
475 3342 532 3379 non
549 3324 759 3395 onaElfaeoe
780 3326 828 3393 θη
849 3330 881 3378 21
901 3323 1057 3393 imprimis

72 3395 167 3450 nullus
185 3396 212 3451 L
235 3398 244 3465 ΙΙ
268 3401 301 3449 22
320 3393 462 3451 Pistaoeta
482 3398 508 3451 Τ
527 3398 537 3466 ΙΙ
560 3402 593 3449 23
613 3398 642 3450 et
660 3412 754 3451 mense
772 3398 808 3450 io
829 3398 834 3466 ί
858 3398 886 3449 et
904 3402 967 3451 aare
986 3395 1084 3450 subole

72 3483 123 3590 pro.
142 3468 310 3592 tubercula
335 3470 345 3537 ΙΙ
372 3473 407 3522 24
429 3468 459 3523 in
477 3467 546 3538 ipsis
565 3468 596 3521 Ε
623 3470 627 3538 Ι
657 3467 796 3537 pistaceta
819 3470 845 3524 Τ
868 3470 878 3537 ΙΙ
905 3472 938 3521 26
957 3466 1084 3522 testiculi

85 3541 162 3593 atera
