2378 3832
460 139 724 194 lenione-20
1054 146 1097 210 23

76 285 268 371 profutura
305 285 389 358 nihil
406 289 517 351 tamen
538 287 739 352 commodius
758 287 820 352 erit
840 288 895 352 diu
913 287 1097 355 custodien-

79 375 134 439 dis
164 374 351 458 frumentis,
382 397 479 459 quam
507 375 536 440 si
563 397 602 439 ex
629 376 711 440 areis
734 376 770 439 in
793 377 931 442 alterum
953 376 1096 442 uicinum

80 464 196 529 locum
219 463 384 528 transfusa
408 463 642 550 refrigerentur
666 464 841 548 aliquantis
866 466 978 530 diebus
998 470 1096 551 atque

82 552 131 617 ita
165 552 291 617 horreis
323 552 515 617 inferantur.
560 555 660 639 negat
693 552 874 619 Columella
907 555 1140 620 uentilanda3

50 663 157 712 5esse
184 640 362 727 frumenta,
393 641 469 725 quia
496 641 602 728 magis
629 642 806 707 miscentur
833 643 986 708 animalia
1014 646 1095 710 totis

84 730 219 797 aceruis.
261 752 343 814 quae
367 730 395 795 si
418 752 485 795 non
507 735 714 816 moueantur,
741 731 775 795 in
799 733 986 804 summitate
1009 733 1097 806 intra

83 841 271 886 mensuram
289 819 390 903 palmi
410 820 590 884 subsistent
609 823 642 884 et
654 819 717 885 hoc
730 820 821 886 uelut
836 826 990 906 corrupto
1006 823 1095 888 corio

83 911 194 973 cetera
216 908 340 979 inlaesa
363 908 536 974 durabunt.
573 909 693 973 adserit
716 908 802 973 idem
824 911 923 977 noxia
941 912 1096 976 animalia

82 997 172 1062 ultra
191 997 391 1081 praedictam
410 1019 595 1062 mensuram
613 1019 680 1062 non
694 1019 790 1082 posse
805 1000 963 1084 generari.
994 1001 1096 1066 herba

34 1117 65 1156 ro
83 1107 207 1170 conyza
230 1086 324 1170 sicca,
346 1089 384 1151 ut
407 1083 524 1152 Graeci
547 1087 709 1171 adserunt,
732 1089 899 1152 substrata
921 1088 1094 1154 frumentis

83 1175 176 1241 addit
190 1173 301 1251 aetati.
324 1175 365 1240 ab
380 1174 505 1240 horreis
520 1178 630 1241 tamen
644 1180 754 1240 auster
766 1178 942 1249 essedebet
951 1199 1094 1249 auersus.

368 1405 428 1470 DE
454 1404 557 1470 OLEI
579 1403 810 1472 FAOTORIO.

153 1529 277 1595 Olearis
306 1530 388 1596 cella
416 1529 601 1594 meridianis
631 1530 675 1595 sit
698 1529 826 1595 obiecta
848 1531 997 1616 partibus
1023 1536 1056 1596 et
1084 1532 1147 1596 XX

81 1623 200 1685 contra
231 1619 335 1705 frigus
368 1619 507 1703 munita,
539 1623 577 1682 ut
606 1616 656 1682 illi
682 1642 740 1703 per
768 1620 948 1704 specularia
977 1620 1094 1686 debeat

32 1740 64 1780 15
80 1710 195 1773 lumen
227 1708 366 1773 admitti.
412 1708 460 1772 ita
492 1711 524 1771 et
554 1730 682 1791 operas,
716 1730 797 1793 quae
827 1709 933 1775 hieme
963 1709 1092 1776 futurae

81 1802 175 1881 sunt,
197 1797 307 1862 nullus
331 1797 424 1883 algor
447 1796 603 1881 inpediet:
628 1801 661 1861 et
684 1797 800 1880 oleum,
823 1820 896 1862 cum
918 1803 1093 1886 premetur,

79 1887 189 1951 iutum
211 1886 379 1970 teporibus
402 1885 525 1972 frigore
546 1907 612 1950 non
634 1886 760 1951 ualebit
779 1887 947 1974 adstringi.
986 1892 1091 1972 trape

79 1976 128 2040 tis
151 1979 185 2039 et
207 1975 325 2040 rotulis
349 1978 382 2039 et
403 1974 494 2058 prelo
516 1978 595 2047 nata
618 1979 669 2039 est
691 1975 809 2060 forma,
838 1998 935 2059 quam
961 1999 1092 2044 consue

79 2065 162 2134 tudo
181 2063 326 2129 dictauit.
362 2063 567 2146 receptacula
586 2063 649 2128 olei
668 2085 795 2148 semper
813 2066 932 2129 munda
952 2066 1027 2150 sint,
1049 2089 1090 2131 ne

29 2187 64 2225 20
79 2175 186 2219 nouos
212 2175 344 2238 sapores
367 2152 488 2218 infecta
511 2153 614 2216 ueteri
637 2175 771 2231 rancore
796 2158 1013 2238 corrumpant.
1056 2159 1090 2219 at

79 2243 110 2306 si
135 2242 207 2326 quis
231 2240 347 2307 maiori
370 2240 557 2327 diligentiae
582 2241 704 2323 studet,
733 2242 887 2306 subiectis
915 2242 1089 2307 hincinde

78 2330 238 2397 cuniculis
261 2331 449 2415 pauimenta
472 2331 649 2415 suspendat
672 2335 705 2394 et
723 2330 834 2416 ignem
853 2335 1012 2416 suggerat,
1026 2331 1090 2397 for·

77 2441 160 2487 naoe
182 2441 346 2487 succensa.
387 2419 436 2485 ita
457 2440 558 2503 purus
582 2419 669 2484 calor
691 2419 756 2484 olei
779 2419 895 2484 cellam
919 2419 988 2486 sine
1006 2420 1089 2486 fumi

152 2655 166 2702 1
186 2647 266 2702 Nihil
284 2649 379 2703 tamen
398 2647 447 2700 diu
466 2647 658 2702 custodiendis
679 2646 826 2702 frumentis
845 2649 1016 2704 commodius
1036 2650 1090 2704 erit

77 2721 178 2791 iacys
204 2721 213 2788 ΙΙ
241 2718 364 2772 3locum
381 2717 504 2773 vicinum
522 2720 633 2790 Eacpo
659 2721 668 2788 ΙΙ
695 2717 762 2772 4in
781 2718 887 2773 horreis
906 2720 937 2773 E
957 2724 966 2791 ΙΙ
991 2722 1089 2775 701111-

78 2789 184 2844 sistunt
203 2791 229 2844 V
250 2795 255 2858 Ι
280 2789 409 2860 ueludQ
435 2792 443 2859 Ι
471 2796 487 2843 8
510 2789 540 2842 in
563 2790 636 2844 lates
656 2790 859 2860 adunabuntQ
884 2792 888 2861 Ι
914 2791 1034 2845 asseruit
1051 2794 1063 2845 1
1080 2792 1090 2863 ΙΙ

79 2867 114 2914 10
133 2877 240 2930 conyza
258 2862 391 2932 FEcys,
410 2861 509 2915 coniza
527 2863 606 2916 ceteri
632 2865 642 2932 ΙΙ
670 2867 701 2914 11
723 2859 822 2915 addita
840 2862 929 2916 aetati
948 2863 1017 2932 Lo,
1040 2863 1088 2916 ad·

78 2932 157 2987 ditur
176 2933 210 3001 G,
230 2935 354 2986 aetatem
371 2933 403 2986 E
430 2933 433 3002 Ι
464 2932 549 2986 debet
569 2949 630 2986 esse
649 2932 770 2987 sont-r
799 2933 803 3002 Ι
833 2933 967 2987 aduersus
989 2934 1062 3004 QEc'
1079 2934 1088 3001 ΙΙ

80 3009 113 3058 14
132 3003 280 3060 obmunita
289 3021 320 3072 p,
338 3003 447 3057 minuta
463 3003 489 3057 G
505 3005 509 3074 Ι
526 3003 611 3057 debet
626 3004 652 3058 G
665 3006 674 3072 ΙΙ
690 3009 722 3056 15
737 3002 826 3072 frigus
840 3005 904 3072 (pro
918 3003 1022 3073 lumen)
1037 3005 1067 3056 Ε
1079 3006 1081 3076 Ι

79 3080 112 3129 16
130 3075 225 3129 nullor
243 3075 284 3128 L¹
308 3076 312 3146 Ι
338 3073 535 3144 comprimetur
554 3074 585 3140 V,
610 3073 807 3143 compromitur
828 3074 860 3141 G,
882 3094 899 3126 v
917 3083 942 3129 et
960 3092 975 3128 0
993 3092 1086 3143 sopra,

77 3163 142 3200 cum
159 3148 321 3216 prementur
339 3146 376 3214 F,
399 3163 462 3199 cum
484 3144 621 3215 premitur
638 3147 669 3199 E
680 3147 689 3214 ΙΙ
705 3152 736 3198 17
757 3144 883 3198 iunctum
902 3147 932 3213 V,
952 3163 1032 3199 usum
1053 3148 1086 3216 G,

78 3216 138 3272 iuto
153 3218 181 3285 S,
196 3217 291 3271 iuncto
306 3218 342 3284 Ε,
360 3217 488 3270 adiutum
501 3217 555 3270 101
560 3234 595 3286 ps
611 3218 615 3285 Ι
631 3215 805 3285 temporibus
815 3216 941 3286 LQFE
952 3219 961 3286 ΙΙ
977 3223 1009 3270 18
1024 3236 1087 3288 pro-

78 3287 177 3343 lanata
195 3290 231 3356 F,
251 3290 349 3342 natam
370 3289 405 3358 Q,
424 3291 491 3342 nota
509 3288 598 3342 SGE
612 3290 616 3356 Ι
631 3304 693 3341 esse
714 3287 737 3357 ΙΙ
753 3290 756 3356 Ι
773 3286 891 3341 formam
910 3289 1007 3358 LQV,
1027 3289 1086 3344 eius

78 3359 168 3414 forma
186 3362 198 3413 1
220 3363 229 3429 Ι
253 3365 286 3414 19
306 3359 427 3414 dictabit
445 3358 701 3428 LQVSTGFEi
728 3362 736 3428 ΙΙ
764 3364 798 3411 20
817 3376 889 3413 nouo
910 3377 1007 3441 sapore
1026 3362 1060 3414 10
1081 3363 1084 3433 Ι

78 3429 200 3486 bancore
218 3433 249 3485 E
273 3433 276 3503 Ι
303 3433 514 3500 corrumpantur
532 3431 543 3484 1
564 3434 567 3501 Ι
591 3447 624 3484 ac
643 3431 751 3485 LGEi
774 3433 786 3501 ΙΙ
806 3436 840 3484 11
859 3431 984 3486 subiciat
1003 3432 1102 3499 Nih

76 3503 256 3555 131111οΕ
