2370 3832
127 480 371 567 PALLADII
398 483 595 567 RVTILII
624 481 773 567 TAVRI
804 483 1082 568 AEMILIANI
1170 547 1172 554 ι

429 615 525 680 VIRI
543 615 775 681 INLVSTRIS

558 729 649 784 OPVS

359 832 841 907 AGRIOVLTVRAE.

422 993 566 1065 LIBER
593 994 781 1068 PRIMVS.
812 1080 813 1084 ¹

518 1252 684 1307 TITVLI.

182 1363 198 1426 I
230 1363 279 1428 De
302 1363 484 1448 praecepti·
508 1363 556 1427 rei
578 1362 727 1428 rusticae.

164 1452 198 1516 Π
230 1452 278 1516 De
298 1456 452 1536 quattuor
470 1453 578 1537 rebus,
597 1451 714 1536 quibus
731 1451 932 1538 agricultura
946 1453 1105 1519 consistit.

145 1540 196 1605 ΙΠ
227 1541 276 1606 De
301 1541 384 1606 aeris
407 1541 608 1625 probatione.
676 1577 680 1586 ·

59 1657 84 1694 ιο
128 1629 197 1695 IIII
228 1630 277 1694 De
301 1652 385 1714 aqua
408 1631 583 1712 probanda.

167 1719 198 1784 V
232 1718 279 1782 De
302 1719 459 1803 qualitate
483 1723 651 1783 terrarum.

148 1807 197 1872 VI
230 1808 279 1872 De
302 1808 463 1882 industria
487 1812 520 1872 et
547 1808 737 1874 necesnariis
761 1811 802 1874 ad
825 1833 902 1874 rura
926 1810 1105 1874 sententiia

132 1895 199 1961 VII
230 1896 280 1961 De
303 1897 375 1982 agri
398 1897 555 1961 electione
578 1899 631 1963 uel
655 1898 729 1962 situ.

117 1983 199 2050 VIII
230 1985 278 2050 De
302 1985 456 2050 aedificic.

59 2099 84 2140 15
98 2073 200 2138 VIIH
231 2073 280 2138 De
307 2074 453 2138 hibernie
484 2078 518 2139 et
546 2075 679 2140 aestiuis
707 2073 932 2140 mansionibus
961 2079 994 2139 et
1018 2075 1108 2160 paui·

231 2165 358 2227 mentia.

168 2250 198 2314 X
231 2252 279 2316 De
303 2251 390 2317 calce
413 2255 446 2315 et
468 2252 599 2317 harena.

150 2339 199 2404 XI
230 2340 279 2405 De
301 2339 458 2405 latericiis
481 2340 671 2424 parietibus.

135 2428 200 2492 XII
231 2428 280 2493 De
302 2429 424 2494 lumine
448 2433 481 2493 et
505 2429 684 2494 altitudine.

58 2545 84 2584 a
118 2518 199 2582 XIII
231 2518 279 2582 De
303 2519 438 2584 cameri·
463 2517 627 2582 canniciiu.

101 2606 200 2673 XIIII
230 2607 278 2672 De
303 2629 398 2692 opere
422 2607 555 2671 albario.

137 2695 199 2759 XV
231 2695 279 2760 De
303 2694 456 2761 tectoriis,

171 2857 184 2905 1
195 2852 352 2906 PALLADI
366 2853 429 2921 VG,
439 2852 488 2906 DII
499 2841 830 2908 GENERALIFCEPTO
841 2852 1104 2908 AGRICVLTVRE.

97 2923 269 2978 PALLADE
281 2925 303 2978 S
318 2927 321 2994 Ι
337 2924 459 2977 auum
473 2924 534 2989 VS,
553 2923 687 2979 RUTULI
705 2925 739 2994 G,
758 2927 856 2980 omittit
874 2925 922 3048 Ed
939 2925 1105 2979 EMILIANI

99 2995 157 3064 ΩΤ
168 2997 207 3064 113
226 2995 267 3049 De
290 2996 317 3047 V
332 2998 367 3064 24
384 2994 640 3049 AGRICULTVRE
665 2998 696 3065 V,
714 2995 895 3050 AGRICUL'I'
922 2995 970 3047 RE
990 2996 1037 3066 ΕΙ
1053 2996 1104 3049 IN-

98 3065 191 3120 CIPIT
205 2997 394 3121 FELICIl'ER
411 3068 519 3120 addam
537 3066 658 3136 QVSG,
674 3066 806 3121 INCIPIT
828 3066 921 3120 TEF
931 3070 940 3134 l}
955 3071 970 3118 6
984 3067 1105 3121 TITVLI

99 3137 240 3207 (TITULI)
263 3137 361 3190 LIBRI
378 3137 482 3192 PRIMI
502 3137 551 3207 QS
559 3137 623 3206 VF,
646 3137 788 3208 Incipiunt
809 3136 887 3191 tItuIi
907 3138 938 3204 Τ,
963 3137 1105 3208 Incipiunt

99 3207 225 3278 capitula
241 3208 325 3279 primi
343 3208 410 3262 libri
428 3210 469 3278 E,
489 3208 799 3280 TITVLI-agrestium
818 3226 866 3263 om.
886 3211 923 3276 cll
941 3213 956 3261 8
977 3210 1105 3266 consistit

99 3279 272 3349 agricultura
288 3281 333 3350 ΤΙΙ
349 3285 381 3334 13
400 3280 447 3333 uel
464 3282 514 3350 (et)
531 3297 552 3348 a,
572 3281 601 3333 et
619 3282 659 3350 ia,
679 3281 725 3335 uel
744 3280 800 3334 situ
818 3297 867 3335 om.
887 3279 918 3332 E
930 3281 938 3349 ll
954 3286 986 3334 15
1006 3283 1104 3336 eatinis

100 3353 129 3404 et
145 3351 277 3420 hybernis
296 3352 341 3419 ΤΙΙ
357 3357 388 3406 17
409 3368 496 3405 arana
512 3351 538 3406 G
556 3351 586 3421 (h
604 3353 786 3421 superscript.)
801 3354 810 3421 II
824 3357 858 3404 20
878 3353 906 3405 et
921 3352 1056 3408 canniciis
1070 3372 1105 3423 qs

170 3423 224 3492 (De
241 3425 378 3478 codicibus
396 3425 424 3477 P
440 3429 464 3478 et
478 3424 504 3476 L
522 3424 615 3478 uideas
626 3425 847 3494 praefanaum

152 3520 291 3564 Pmnnrvs
304 3524 339 3566 cd.
350 3523 482 3569 Schmitt.
956 3518 980 3563 Χ
