2378 3832
132 177 194 242 192
546 179 715 234 PALLADE

131 328 192 387 tur.
239 324 266 387 si
295 346 332 387 ex
360 325 456 388 nimis
485 324 550 389 acri
574 326 698 389 dulcem
721 319 795 389 fieri
815 325 911 408 nelis,
939 325 1062 390 femina
1084 325 1133 390 die

131 415 164 476 et
186 416 282 477 nocte
305 411 400 477 melle
423 413 602 479 macerabis
626 417 682 478 ant
704 433 810 498 passo.
852 414 1004 479 rafanum
1025 419 1130 478 tamen

28 560 31 567 .
130 500 215 565 siout
242 501 419 565 brassicam
446 505 575 567 constat
603 524 672 566 esse
695 503 818 567 uitibus
841 502 1018 568 inimicam.
1058 524 1128 567 nam

130 589 158 652 si
191 588 276 653 circa
308 610 342 654 se
374 594 539 675 serantur,
569 594 687 656 natura
719 590 923 656 discordante
958 590 1124 678 refugiunt.

127 676 189 742 hoc
213 678 310 741 etiam
333 699 441 743 mense
464 679 648 763 pastinacas
672 701 824 744 seramus.
1141 698 1149 738 ⁵

517 908 577 973 ΒΕ
602 907 743 974 POMIS.

76 1029 124 1094 VI
196 1030 306 1096 Etiam
337 1054 422 1097 nunc
454 1032 690 1116 inplastrantur
722 1034 861 1097 arbusta.
909 1033 1018 1118 pirum
1047 1053 1116 1098 nunc

129 1119 273 1204 plerique
296 1120 443 1185 inserunt
466 1125 498 1185 et
521 1120 602 1186 locis
624 1120 762 1207 inriguis
785 1122 936 1187 arborem
960 1122 1041 1188 citri.

502 1350 562 1417 DII
586 1350 756 1419 APIBVS.

76 1473 141 1538 VII
208 1474 280 1540 Hoc
299 1497 407 1541 mense
424 1476 596 1540 crabrones
611 1477 742 1542 molesti
755 1479 832 1542 sunt
846 1477 999 1542 alueariis
1013 1476 1141 1561 apiun,1⁰

129 1584 209 1646 quos
232 1564 383 1648 persequi
406 1586 443 1629 ac
462 1586 580 1630 ,necare
604 1565 766 1630 debemus.
807 1587 895 1630 nunc
917 1565 1027 1651 etiam,
1049 1583 1114 1650 quae

127 1651 206 1716 iulio
228 1672 294 1717 non
317 1653 528 1737 occurrimus,
552 1675 755 1737 exequamur.

368 1883 429 1948 DE
452 1881 575 1959 AQVA
597 1881 892 1955 INVENIENDA.

79 2004 159 2071 VIII
226 2005 321 2071 Nunc
343 2006 371 2070 si
394 2006 496 2071 deerit
520 2027 613 2089 aqua,
630 2028 706 2072 ‚eam
730 2027 883 2092 quaerere
906 2029 944 2072 ao
967 2007 1118 2093 uestigare
1183 1998 1185 2003 ’

128 2096 272 2179 debebis,
305 2117 402 2179 quam
430 2094 541 2159 taliter
568 2095 691 2177 poteris
718 2093 872 2160 inuenire.
919 2099 994 2161 ante
1022 2101 1147 2161 orama

128 2185 206 2250 solis
229 2184 280 2249 his
303 2183 393 2268 loeis,
417 2183 535 2266 quibus
559 2205 642 2267 aqua
665 2184 847 2267 quaerenda
867 2187 927 2266 est,
951 2183 1122 2269 aequaliter

127 2295 247 2357 pronus
284 2276 394 2338 mento
432 2273 472 2336 ad
508 2272 614 2336 solum
650 2272 801 2356 depresso
835 2272 943 2337 iacens
977 2272 1012 2336 in
1045 2279 1122 2338 terra

129 2362 289 2445 spectabis
323 2361 480 2426 orientem
508 2364 555 2445 et,
587 2361 621 2424 in
653 2383 717 2446 quo
744 2361 816 2426 loco
844 2359 987 2444 crispum
1017 2360 1123 2426 subtili

128 2448 247 2513 nebula
269 2472 376 2514 aerem
394 2470 526 2535 surgere
544 2447 664 2513 uideris
684 2453 717 2514 et
735 2450 826 2514 uelut
844 2470 952 2514 rorem
970 2470 1123 2536 spargere,

129 2536 223 2621 signo
251 2538 360 2621 aliquo
388 2537 513 2603 uicinae
541 2538 653 2622 stirpis
680 2542 738 2602 sut
763 2537 889 2603 arboris
911 2537 1152 2622 praenotabisu

127 2646 204 2690 nam
231 2629 360 2691 constat
382 2626 476 2692 siccis
499 2626 593 2711 locis,
620 2627 677 2690 ubi
699 2627 762 2692 hoc
784 2625 855 2712 fiet,
877 2648 996 2710 aquam
1021 2627 1122 2692 latere.

129 2716 184 2779 sed
214 2718 373 2780 terrarum
406 2736 508 2800 genus
541 2713 772 2800 considerabis,
803 2718 840 2779 ut
871 2715 978 2799 possis
1010 2717 1064 2780 uei
1091 2716 1124 2780 de

163 2895 176 2942 1
198 2905 263 2943 asra
281 2905 370 2944 omues
393 2892 402 2959 ΙΙ
425 2894 440 2941 2
460 2905 492 2942 ac
511 2891 593 2942 nocte
611 2890 642 2943 E
663 2889 666 2961 1
691 2889 857 2959 Raphanum
876 2888 1102 2961 LVEFs'acps
1116 2888 1125 2957 i}

83 2983 85 2989 ·
128 2966 143 3013 3
162 2959 305 3014 inimicum
323 2962 376 3015 Εα
395 2963 405 3030 ΙΙ
428 2966 443 3013 5
463 2959 548 3013 etiam
567 2976 616 3014 om.
632 2961 663 3014 E
682 2961 687 3029 Ι
711 2960 887 3030 pastinacam
906 2960 937 3013 Ε
951 2961 967 3030 q
991 2965 1005 3013 '1
1025 2959 1125 3030 empla-

127 3034 251 3086 strantur
265 3034 427 3103 aopsinec
441 3047 494 3100 pro
512 3048 586 3084 nunc
595 3033 670 3101 plis
688 3030 789 3085 nutriri
803 3028 935 3101 proeitri
945 3033 990 3100 pss
1005 3036 1039 3085 10
1058 3046 1125 3085 scra·

126 3102 212 3157 bones
231 3104 267 3170 Ε,
287 3103 422 3157 crabones
440 3103 471 3171 il
491 3101 624 3171 infestip
643 3105 648 3173 Ι
669 3118 754 3172 apum
775 3103 888 3157 TGiec
912 3118 927 3156 a
946 3103 965 3226 p
982 3107 1015 3154 12
1035 3118 1124 3157 excur-

125 3172 211 3227 rimus
240 3175 319 3244 Gcc,
352 3172 519 3228 occurrimus
551 3173 642 3228 facere
671 3190 710 3242 ps
745 3176 754 3243 ΙΙ
791 3179 824 3227 13
896 3171 943 3226 UE
965 3171 1125 3227 TIGANDA

127 3243 358 3299 INUENIENDA
380 3245 403 3299 S
427 3247 436 3314 li
463 3251 496 3297 14
524 3243 602 3298 Tunc
620 3246 651 3298 E
678 3246 682 3315 Ι
712 3260 774 3299 eam
795 3243 896 3300 0an
924 3245 928 3315 Ι
957 3242 1125 3316 inuestigare

127 3314 211 3369 debes
229 3318 259 3370 E
283 3320 294 3387 ΙΙ
322 3323 354 3370 16
377 3315 444 3369 solis
463 3317 553 3369 ortum
575 3317 601 3370 T
622 3316 626 3388 1
650 3314 685 3369 iis
704 3332 780 3439 urps
805 3318 809 3387 Ι
834 3315 901 3370 solis
914 3331 969 3385 pro
986 3315 1057 3370 locis
1076 3313 1125 3394 611

128 3390 159 3437 11
178 3389 282 3441 terram
299 3388 330 3441 E
350 3390 359 3458 ΙΙ
383 3393 416 3440 19
435 3385 545 3440 uidebis
563 3388 655 3457 iacqs
680 3390 684 3456 Ι
708 3386 793 3440 ueud
811 3388 853 3456 E,
873 3388 901 3441 et
919 3385 1125 3441 uelut-uiridr

126 3456 283 3528 (12,18,1)
306 3476 355 3513 orn.
377 3459 400 3529 Q
419 3458 463 3529 (cf.
480 3458 580 3527 praef.)
609 3458 615 3528 1
643 3474 732 3512 rorem
751 3474 800 3512 om.
822 3459 848 3514 G
874 3461 883 3528 ΙΙ
911 3462 943 3511 21
969 3456 1057 3512 fuerit
1074 3456 1126 3527 ΕΙξ

115 3530 153 3578 22
171 3529 275 3583 terram
294 3531 331 3602 Id,
353 3533 447 3587 terrae
466 3530 496 3586 E
1011 3546 1016 3554 ·
