2378 3832
97 164 162 229 194
517 162 686 217 PALLADII

96 309 235 375 dubites.
265 309 344 373 item
364 308 392 373 si
410 331 468 374 uas
487 309 581 394 figuli
596 310 718 374 siccum
731 329 836 392 neque
850 312 984 374 coctum
998 311 1107 375 eadem

96 398 223 463 ratione
251 403 392 481 ponatur
416 420 452 462 ac
476 397 627 462 similiter
650 397 831 481 operiatur:
860 399 968 463 altero
993 398 1058 482 die,
1080 399 1105 462 si

96 508 254 572 aquarum
282 510 365 552 uena
392 491 456 570 est,
483 486 518 551 in
543 487 707 571 praesenti
730 507 788 550 uas
812 490 973 572 concepto
996 509 1104 552 umore

97 576 251 640 soluetur.
283 576 364 639 item
382 575 487 640 uellus
505 575 598 640 lanae
618 597 719 660 aeque
738 574 885 659 positum
903 576 958 641 uel
978 597 1102 660 oooper-

96 669 182 749 tum,
214 665 243 728 si
269 669 399 729 tantum
428 664 555 750 colligit
582 664 720 748 umoris,
752 668 790 728 ut
820 663 886 730 alia
913 665 965 730 die
992 664 1130 729 fundata

53 755 72 818 7
98 775 295 838 expressum,
315 754 424 837 copias
443 753 550 819 inesse
569 752 755 819 testabitur.
784 751 864 818 item
883 755 1018 818 lucerna
1036 753 1100 818 oleo

97 842 193 926 plena
225 847 258 907 et
289 842 434 926 incensa,
467 842 495 907 si
526 842 573 907 ibi
606 842 758 907 similiter
787 844 875 907 tecta
901 847 1045 928 ponatur
1072 846 1101 906 et

98 935 209 997 secuto
233 930 283 996 die
307 931 494 996 inueniatur
518 931 660 996 extincta
683 931 913 1015 superantibus
932 930 1100 1013 alimentis,

97 1041 197 1104 aquas
220 1021 307 1084 idem
329 1021 420 1085 locus
443 1020 587 1085 habebit.
626 1020 706 1085 item
730 1019 817 1084 siin
840 1041 878 1085 co
900 1019 976 1086 loco
999 1019 1100 1085 focum

96 1109 211 1174 feceris
235 1114 268 1173 et
292 1113 380 1173 terra
402 1113 561 1193 uaporata
584 1109 730 1173 umidum
752 1107 880 1173 fumum
898 1109 1130 1175 nebulosum-rc

97 1220 158 1283 que
191 1198 383 1282 ructauerit,
415 1219 515 1282 aquas
546 1198 651 1262 inesse
682 1218 867 1283 cognosces.
913 1197 966 1263 his
997 1199 1101 1282 itaque

96 1288 235 1371 repertis
256 1291 343 1352 certa
362 1286 532 1372 signorum
550 1287 701 1351 firmante
719 1285 840 1351 notitia
852 1289 991 1370 puteum
1004 1287 1100 1352 fodies

97 1380 129 1439 et
153 1398 255 1460 aquae
279 1379 377 1459 caput
399 1375 544 1458 requires
571 1376 638 1459 uel,
662 1376 690 1440 si
713 1375 807 1459 plura
830 1379 921 1461 sunt,
949 1376 985 1440 in
1007 1397 1101 1442 unum

97 1465 239 1550 colliges.
287 1469 397 1528 tamen
424 1465 563 1529 maxime
593 1465 652 1530 sub
684 1464 847 1529 radicibus
879 1466 1043 1530 montium
1072 1465 1102 1528 in

98 1553 357 1636 septemtrionali
385 1557 478 1637 parte
502 1555 702 1637 quaerendae
726 1557 803 1618 sunt
825 1574 942 1638 aquae,
972 1555 1048 1639 quia
1071 1553 1131 1617 inu

95 1641 148 1705 his
172 1641 252 1717 locis
277 1641 382 1726 magis
406 1641 574 1707 abundant
597 1642 808 1725 utilioresque
831 1648 1019 1709 nascuntur.

477 1872 537 1936 DE
561 1871 727 1937 PVTEIS.

43 1993 143 2060 VHIl
212 1994 276 2061 Sed
298 1997 334 2061 in
355 1995 515 2061 fodiendis
539 1995 646 2080 puteis
671 1996 849 2061 cauendum
872 1999 924 2060 est
943 1993 1103 2061 fossorum

97 2086 291 2171 periculum,
320 2086 474 2170 quoniam
499 2086 688 2170 plerumque
711 2089 799 2149 terra
822 2083 940 2168 sulfur,
969 2085 1104 2167 alumen,

97 2175 245 2239 bitumen
261 2175 378 2259 educit,
398 2197 536 2259 quorum
550 2175 685 2258 spiritus
700 2173 794 2237 mixti
809 2172 992 2237 anhelitum
1005 2173 1103 2257 pestis
1115 2195 1136 2236 u

98 2264 251 2328 exhalant
275 2268 308 2328 et
333 2263 499 2347 occupatis
522 2263 636 2327 statim
658 2262 792 2326 naribus
816 2265 1013 2346 extorquent
1039 2261 1104 2326 ani-

97 2374 177 2434 mas,
200 2351 265 2416 nisi
289 2353 361 2436 quis
384 2352 481 2438 fugae
506 2351 570 2416 sibi
593 2352 768 2417 uelocitate
793 2354 970 2415 succurrat.
1016 2350 1103 2434 prius

97 2460 176 2524 ergo
200 2462 298 2523 quam
322 2441 535 2506 descendatur
558 2441 598 2505 ad
621 2439 750 2523 intima,
774 2440 809 2503 in
822 2439 878 2503 ‘eis
901 2437 983 2504 locis
1007 2439 1104 2504 lucer·

97 2548 173 2591 nam
205 2549 305 2611 pones
339 2550 516 2595 accensam.
563 2551 643 2616 quae
676 2530 704 2593 si
732 2526 876 2593 extincta
905 2549 972 2593 non
1000 2527 1104 2610 fuerit,

96 2616 277 2700 periculum
299 2640 366 2682 non
388 2618 534 2683 timebis:
558 2619 587 2683 si
605 2639 683 2682 uero
702 2617 920 2702 extinguetur,
945 2617 1104 2682 cauendus
1117 2640 1139 2680 u

53 2705 75 2769 2
98 2709 149 2769 est
172 2705 272 2789 locus,
296 2729 391 2791 quem
415 2705 550 2791 spiritus
574 2706 723 2771 mortifer
746 2707 927 2790 occupauit.
968 2705 1105 2790 quodsi

97 2793 161 2858 alio
185 2795 258 2859 loco
283 2817 367 2879 aqua
389 2817 455 2860 non
478 2799 588 2878 potest
611 2794 763 2877 inueniri,
792 2795 925 2859 dextera
949 2795 1104 2879 laeuaque

168 2957 183 3004 2
204 2950 292 3004 altero
312 2967 377 3005 uero
399 2951 479 3019 Ges,
499 2951 587 3006 altero
607 2952 698 3024 [uero]
716 2969 752 3023 cy
779 2954 788 3022 ll
810 2957 826 3005 3
845 2950 936 3005 estin
955 2949 1105 3022 praesenti,

95 3039 145 3076 vas
164 3039 178 3077 s
194 3026 197 3087 Ι
214 3025 348 3091 concepto
366 3021 483 3075 humore
501 3039 553 3075 uas
568 3024 598 3076 E
610 3026 649 3093 td
669 3026 697 3078 et
716 3025 878 3093 coopertum
891 3025 922 3092 εΙ
942 3029 958 3076 6
978 3023 1105 3092 copiosas

95 3109 156 3147 esse
180 3094 211 3146 E
235 3096 244 3162 ss
272 3099 287 3146 7
317 3109 435 3147 accensa
463 3110 540 3163 aces
569 3097 573 3162 Ι
603 3093 658 3148 sibi
682 3111 735 3164 pro
764 3093 787 3147 si
814 3093 856 3148 ibi
879 3095 905 3148 L
940 3137 947 3161 ,
976 3110 1027 3148 om.
1052 3093 1079 3146 V

96 3170 111 3217 8
141 3164 263 3219 secundo
293 3164 326 3232 G,
355 3164 483 3233 sequenti
510 3165 541 3218 E
568 3166 572 3236 l
602 3164 746 3220 elementis
774 3167 787 3218 a·
813 3168 822 3235 ΙΙ
854 3171 869 3220 9
898 3165 998 3218 eodem
1026 3165 1081 3219 SE

97 3241 130 3288 10
153 3238 293 3304 uaparata
317 3235 344 3289 G
369 3236 378 3304 l
407 3241 439 3287 11
465 3235 608 3305 cognoscis
632 3238 689 3292 PL
699 3236 893 3292 VGSETFa‘
918 3237 928 3304 ΙΙ
957 3241 990 3288 13
1015 3233 1107 3304 requi·

95 3305 134 3358 ris
153 3306 208 3360 SE
225 3308 234 3376 Η
254 3313 286 3360 16
305 3305 441 3360 utiliores.
466 3323 538 3374 quae
557 3308 603 3377 Vll
623 3314 654 3361 17
674 3307 722 3361 DE
742 3305 924 3361 PVTANDIS
944 3306 1040 3375 V1118
1060 3307 1107 3359 de-

95 3375 237 3430 fodiendis
263 3378 288 3432 G
315 3380 323 3446 l}
357 3383 389 3430 19
418 3377 533 3432 sulfura.
565 3378 660 3432 lumen
683 3380 714 3447 V,
744 3378 867 3448 sulphur.
902 3377 1015 3432 alumen
1045 3377 1071 3432 G
1098 3378 1108 3449 ll

93 3451 131 3499 20
145 3446 302 3503 hanelitum
321 3449 356 3521 ill
370 3454 403 3504 21
418 3449 535 3505 naribus
549 3449 650 3504 statim
664 3450 715 3504 SE
727 3452 787 3518 tto
799 3449 903 3502 ultima
912 3449 940 3502 E
950 3451 966 3516 tl
976 3454 1011 3502 24
1024 3447 1107 3517 ponis

76 3533 176 3574 omnes
185 3521 201 3589 sl
211 3525 247 3575 25
268 3521 459 3596 extinguatur
474 3523 521 3580 Ei
532 3525 546 3596 ll
558 3528 596 3578 ‘lt
611 3518 767 3590 occuqabit
779 3534 871 3572 eruces
877 3520 938 3583 tun
952 3517 1054 3567 dextra
1062 3519 1118 3567 Eo.
