<?xml version="1.0" encoding="UTF-8"?>
<!DOCTYPE html PUBLIC "-//W3C//DTD XHTML 1.0 Transitional//EN"
    "http://www.w3.org/TR/xhtml1/DTD/xhtml1-transitional.dtd">
<html xmlns="http://www.w3.org/1999/xhtml" xml:lang="en" lang="en">
 <head>
  <title>
</title>
<meta http-equiv="Content-Type" content="text/html;charset=utf-8" />
  <meta name='ocr-system' content='tesseract 3.04.00' />
  <meta name='ocr-capabilities' content='ocr_page ocr_carea ocr_par ocr_line ocrx_word'/>
</head>
<body>
  <div class='ocr_page' id='page_1' title='image "./palladiirutilii00pallgoog_0009.png"; bbox 0 0 2378 3832; ppageno 0'>
   <div class='ocr_carea' id='block_1_1' title="bbox 61 110 667 217">
    <p class='ocr_par' dir='ltr' id='par_1_1' title="bbox 61 110 667 217">
     <span class='ocr_line' id='line_1_1' title="bbox 61 110 667 217; baseline -0.012 -11"><span class='ocrx_word' id='word_1_1' title='bbox 61 151 101 206; x_wconf 89' lang='lat' dir='ltr'><strong>1v</strong></span> <span class='ocrx_word' id='word_1_2' title='bbox 180 110 183 115; x_wconf 58' lang='grc'>’</span> <span class='ocrx_word' id='word_1_3' title='bbox 233 212 236 217; x_wconf 83' lang='lat'><strong>.</strong></span> <span class='ocrx_word' id='word_1_4' title='bbox 463 145 667 201; x_wconf 75' lang='lat' dir='ltr'><strong>PRAEFATIO</strong></span> 
     </span>
    </p>
   </div>
   <div class='ocr_carea' id='block_1_2' title="bbox 52 296 1075 2870">
    <p class='ocr_par' dir='ltr' id='par_1_2' title="bbox 60 296 1072 645">
     <span class='ocr_line' id='line_1_2' title="bbox 128 296 1072 377; baseline -0.008 -16"><span class='ocrx_word' id='word_1_5' title='bbox 128 303 170 360; x_wconf 80' lang='lat' dir='ltr'><strong>Et</strong></span> <span class='ocrx_word' id='word_1_6' title='bbox 183 301 228 360; x_wconf 66' lang='lat' dir='ltr'><strong>⁴de</strong></span> <span class='ocrx_word' id='word_1_7' title='bbox 246 299 331 360; x_wconf 89' lang='lat' dir='ltr'><strong>libris</strong></span> <span class='ocrx_word' id='word_1_8' title='bbox 348 318 441 358; x_wconf 89' lang='lat' dir='ltr'><strong>manu</strong></span> <span class='ocrx_word' id='word_1_9' title='bbox 459 299 586 377; x_wconf 82' lang='lat' dir='ltr'><strong>scriptis,</strong></span> <span class='ocrx_word' id='word_1_10' title='bbox 610 316 685 374; x_wconf 93' lang='lat' dir='ltr'><strong>quos</strong></span> <span class='ocrx_word' id='word_1_11' title='bbox 704 317 735 357; x_wconf 88' lang='lat' dir='ltr'><strong>se</strong></span> <span class='ocrx_word' id='word_1_12' title='bbox 753 314 930 374; x_wconf 75' lang='lat' dir='ltr'><strong>conparasse</strong></span> <span class='ocrx_word' id='word_1_13' title='bbox 948 296 1072 354; x_wconf 90' lang='lat' dir='ltr'><strong>Bastia-</strong></span> 
     </span>
     <span class='ocr_line' id='line_1_3' title="bbox 61 377 1070 468; baseline -0.006 -18"><span class='ocrx_word' id='word_1_14' title='bbox 61 409 118 450; x_wconf 87' lang='lat' dir='ltr'><strong>nus</strong></span> <span class='ocrx_word' id='word_1_15' title='bbox 149 392 255 450; x_wconf 78' lang='lat' dir='ltr'><strong>auctor</strong></span> <span class='ocrx_word' id='word_1_16' title='bbox 282 388 426 450; x_wconf 84' lang='lat' dir='ltr'><strong>versionis</strong></span> <span class='ocrx_word' id='word_1_17' title='bbox 452 387 582 447; x_wconf 87' lang='lat' dir='ltr'><strong>Palladii</strong></span> <span class='ocrx_word' id='word_1_18' title='bbox 611 387 733 446; x_wconf 91' lang='lat' dir='ltr'><strong>Italicae</strong></span> <span class='ocrx_word' id='word_1_19' title='bbox 757 378 940 468; x_wconf 80' lang='lat' dir='ltr'>(Florentiae</span> <span class='ocrx_word' id='word_1_20' title='bbox 967 377 1070 466; x_wconf 84' lang='lat'>1605)</span> 
     </span>
     <span class='ocr_line' id='line_1_4' title="bbox 62 468 1071 557; baseline -0.007 -18"><span class='ocrx_word' id='word_1_21' title='bbox 62 470 229 557; x_wconf 82' lang='lat' dir='ltr'><strong>adfirmat¹,</strong></span> <span class='ocrx_word' id='word_1_22' title='bbox 247 468 323 537; x_wconf 83' lang='lat' dir='ltr'><strong>nihil</strong></span> <span class='ocrx_word' id='word_1_23' title='bbox 341 478 469 554; x_wconf 91' lang='lat' dir='ltr'><strong>amplius</strong></span> <span class='ocrx_word' id='word_1_24' title='bbox 489 479 619 537; x_wconf 85' lang='lat' dir='ltr'><strong>constat:</strong></span> <span class='ocrx_word' id='word_1_25' title='bbox 643 477 766 535; x_wconf 86' lang='lat' dir='ltr'><strong>fortasse</strong></span> <span class='ocrx_word' id='word_1_26' title='bbox 784 475 875 534; x_wconf 89' lang='lat' dir='ltr'><strong>iidem</strong></span> <span class='ocrx_word' id='word_1_27' title='bbox 893 476 974 552; x_wconf 88' lang='lat' dir='ltr'><strong>sunt,</strong></span> <span class='ocrx_word' id='word_1_28' title='bbox 994 491 1071 550; x_wconf 89' lang='lat' dir='ltr'><strong>quos</strong></span> 
     </span>
     <span class='ocr_line' id='line_1_5' title="bbox 60 564 792 645; baseline -0.004 -17"><span class='ocrx_word' id='word_1_29' title='bbox 60 568 229 629; x_wconf 88' lang='lat' dir='ltr'><strong>Politianus</strong></span> <span class='ocrx_word' id='word_1_30' title='bbox 253 568 291 628; x_wconf 85' lang='lat' dir='ltr'><strong>ad</strong></span> <span class='ocrx_word' id='word_1_31' title='bbox 313 566 531 645; x_wconf 82' lang='lat' dir='ltr'><strong>Castigationes</strong></span> <span class='ocrx_word' id='word_1_32' title='bbox 554 583 623 624; x_wconf 86' lang='lat' dir='ltr'><strong>suas</strong></span> <span class='ocrx_word' id='word_1_33' title='bbox 647 564 792 625; x_wconf 76' lang='lat' dir='ltr'><strong>adhibuit.</strong></span> 
     </span>
    </p>

    <p class='ocr_par' dir='ltr' id='par_1_3' title="bbox 52 652 1074 2228">
     <span class='ocr_line' id='line_1_6' title="bbox 130 652 1071 729; baseline -0.006 -13"><span class='ocrx_word' id='word_1_34' title='bbox 130 656 160 716; x_wconf 85' lang='lat' dir='ltr'><strong>O.</strong></span> <span class='ocrx_word' id='word_1_35' title='bbox 185 657 328 715; x_wconf 90' lang='lat' dir='ltr'><strong>Barthius</strong></span> <span class='ocrx_word' id='word_1_36' title='bbox 352 659 454 715; x_wconf 89' lang='lat' dir='ltr'><strong>autem</strong></span> <span class='ocrx_word' id='word_1_37' title='bbox 480 673 553 714; x_wconf 89' lang='lat' dir='ltr'><strong>usus</strong></span> <span class='ocrx_word' id='word_1_38' title='bbox 580 654 679 714; x_wconf 89' lang='lat' dir='ltr'><strong>codice</strong></span> <span class='ocrx_word' id='word_1_39' title='bbox 708 672 800 712; x_wconf 91' lang='lat' dir='ltr'><strong>manu</strong></span> <span class='ocrx_word' id='word_1_40' title='bbox 832 653 942 729; x_wconf 91' lang='lat' dir='ltr'><strong>scripto</strong></span> <span class='ocrx_word' id='word_1_41' title='bbox 971 652 1071 711; x_wconf 88' lang='lat' dir='ltr'><strong>multa</strong></span> 
     </span>
     <span class='ocr_line' id='line_1_7' title="bbox 62 734 1071 820; baseline -0.005 -16"><span class='ocrx_word' id='word_1_42' title='bbox 62 747 131 806; x_wconf 93' lang='lat' dir='ltr'><strong>inde</strong></span> <span class='ocrx_word' id='word_1_43' title='bbox 155 746 193 805; x_wconf 91' lang='lat' dir='ltr'><strong>ad</strong></span> <span class='ocrx_word' id='word_1_44' title='bbox 214 745 385 804; x_wconf 91' lang='lat' dir='ltr'><strong>Palladium</strong></span> <span class='ocrx_word' id='word_1_45' title='bbox 408 734 582 803; x_wconf 79' lang='lat' dir='ltr'><strong>adnotavit2</strong></span> <span class='ocrx_word' id='word_1_46' title='bbox 603 743 635 800; x_wconf 93' lang='lat' dir='ltr'><strong>in</strong></span> <span class='ocrx_word' id='word_1_47' title='bbox 658 762 745 818; x_wconf 89' lang='lat' dir='ltr'><strong>opere</strong></span> <span class='ocrx_word' id='word_1_48' title='bbox 769 761 838 820; x_wconf 88' lang='lat' dir='ltr'><strong>suo,</strong></span> <span class='ocrx_word' id='word_1_49' title='bbox 862 741 942 818; x_wconf 90' lang='lat' dir='ltr'><strong>quod</strong></span> <span class='ocrx_word' id='word_1_50' title='bbox 965 740 1071 802; x_wconf 91' lang='lat' dir='ltr'><strong>inscri-</strong></span> 
     </span>
     <span class='ocr_line' id='line_1_8' title="bbox 62 823 1070 915; baseline -0.004 -21"><span class='ocrx_word' id='word_1_51' title='bbox 62 835 146 894; x_wconf 87' lang='lat' dir='ltr'><strong>bitur</strong></span> <span class='ocrx_word' id='word_1_52' title='bbox 167 834 346 895; x_wconf 87' lang='lat' dir='ltr'><strong>Adversaria</strong></span> <span class='ocrx_word' id='word_1_53' title='bbox 374 825 583 915; x_wconf 84' lang='lat' dir='ltr'><strong>(Francofurti</strong></span> <span class='ocrx_word' id='word_1_54' title='bbox 613 823 729 912; x_wconf 82' lang='lat'>1624):</span> <span class='ocrx_word' id='word_1_55' title='bbox 759 831 810 890; x_wconf 87' lang='lat' dir='ltr'><strong>sed</strong></span> <span class='ocrx_word' id='word_1_56' title='bbox 839 830 875 889; x_wconf 93' lang='lat' dir='ltr'><strong>de</strong></span> <span class='ocrx_word' id='word_1_57' title='bbox 905 849 939 889; x_wconf 90' lang='lat' dir='ltr'><strong>eo</strong></span> <span class='ocrx_word' id='word_1_58' title='bbox 969 830 1070 890; x_wconf 88' lang='lat' dir='ltr'><strong>codice</strong></span> 
     </span>
     <span class='ocr_line' id='line_1_9' title="bbox 62 919 1071 1000; baseline -0.004 -18"><span class='ocrx_word' id='word_1_59' title='bbox 62 931 160 1000; x_wconf 80' lang='lat' dir='ltr'><strong>neque</strong></span> <span class='ocrx_word' id='word_1_60' title='bbox 193 924 256 1000; x_wconf 88' lang='lat' dir='ltr'><strong>ipse</strong></span> <span class='ocrx_word' id='word_1_61' title='bbox 291 923 458 999; x_wconf 80' lang='lat' dir='ltr'><strong>quidquam</strong></span> <span class='ocrx_word' id='word_1_62' title='bbox 491 920 734 980; x_wconf 88' lang='lat' dir='ltr'><strong>commemoravit</strong></span> <span class='ocrx_word' id='word_1_63' title='bbox 766 939 863 996; x_wconf 89' lang='lat' dir='ltr'><strong>neque</strong></span> <span class='ocrx_word' id='word_1_64' title='bbox 898 919 976 979; x_wconf 85' lang='lat' dir='ltr'><strong>alius</strong></span> <span class='ocrx_word' id='word_1_65' title='bbox 1011 919 1071 979; x_wconf 91' lang='lat' dir='ltr'><strong>nisi</strong></span> 
     </span>
     <span class='ocr_line' id='line_1_10' title="bbox 64 1008 1071 1090; baseline -0.004 -18"><span class='ocrx_word' id='word_1_66' title='bbox 64 1013 220 1090; x_wconf 81' lang='lat' dir='ltr'><strong>Gesnerus,</strong></span> <span class='ocrx_word' id='word_1_67' title='bbox 244 1012 297 1089; x_wconf 90' lang='lat' dir='ltr'><strong>qui</strong></span> <span class='ocrx_word' id='word_1_68' title='bbox 315 1031 334 1071; x_wconf 86' lang='lat' dir='ltr'><strong>a</strong></span> <span class='ocrx_word' id='word_1_69' title='bbox 352 1009 547 1089; x_wconf 83' lang='lat' dir='ltr'><strong>Lugdunensi</strong></span> <span class='ocrx_word' id='word_1_70' title='bbox 564 1009 652 1068; x_wconf 91' lang='lat' dir='ltr'><strong>illum</strong></span> <span class='ocrx_word' id='word_1_71' title='bbox 671 1009 820 1070; x_wconf 88' lang='lat' dir='ltr'><strong>diversum</strong></span> <span class='ocrx_word' id='word_1_72' title='bbox 839 1027 901 1068; x_wconf 89' lang='lat' dir='ltr'><strong>esse</strong></span> <span class='ocrx_word' id='word_1_73' title='bbox 920 1008 1071 1068; x_wconf 90' lang='lat' dir='ltr'><strong>censebat.</strong></span> 
     </span>
     <span class='ocr_line' id='line_1_11' title="bbox 52 1097 1071 1176; baseline -0.004 -15"><span class='ocrx_word' id='word_1_74' title='bbox 52 1106 64 1129; x_wconf 79' lang='lat'>&#39;</span> <span class='ocrx_word' id='word_1_75' title='bbox 128 1100 243 1161; x_wconf 82' lang='lat' dir='ltr'><strong>Deinde</strong></span> <span class='ocrx_word' id='word_1_76' title='bbox 272 1101 296 1160; x_wconf 92' lang='grc' dir='ltr'><strong>Ι.</strong></span> <span class='ocrx_word' id='word_1_77' title='bbox 324 1102 356 1159; x_wconf 86' lang='lat' dir='ltr'><strong>F.</strong></span> <span class='ocrx_word' id='word_1_78' title='bbox 386 1099 553 1160; x_wconf 81' lang='lat' dir='ltr'><strong>Gronovius</strong></span> <span class='ocrx_word' id='word_1_79' title='bbox 583 1098 713 1158; x_wconf 83' lang='lat' dir='ltr'><strong>codicem</strong></span> <span class='ocrx_word' id='word_1_80' title='bbox 745 1097 876 1157; x_wconf 89' lang='lat' dir='ltr'><strong>Palladii</strong></span> <span class='ocrx_word' id='word_1_81' title='bbox 904 1097 1071 1176; x_wconf 85' lang='lat' dir='ltr'><strong>Lugdune-</strong></span> 
     </span>
     <span class='ocr_line' id='line_1_12' title="bbox 60 1186 1071 1267; baseline -0.003 -17"><span class='ocrx_word' id='word_1_82' title='bbox 60 1193 195 1251; x_wconf 86' lang='lat' dir='ltr'><strong>Batavae</strong></span> <span class='ocrx_word' id='word_1_83' title='bbox 218 1208 317 1250; x_wconf 90' lang='lat' dir='ltr'><strong>mense</strong></span> <span class='ocrx_word' id='word_1_84' title='bbox 345 1191 475 1267; x_wconf 86' lang='lat' dir='ltr'><strong>augusto</strong></span> <span class='ocrx_word' id='word_1_85' title='bbox 504 1188 575 1246; x_wconf 89' lang='lat' dir='ltr'><strong>anni</strong></span> <span class='ocrx_word' id='word_1_86' title='bbox 600 1189 684 1248; x_wconf 88' lang='grc'>1638</span> <span class='ocrx_word' id='word_1_87' title='bbox 709 1186 837 1246; x_wconf 89' lang='lat' dir='ltr'><strong>contulit</strong></span> <span class='ocrx_word' id='word_1_88' title='bbox 863 1186 988 1262; x_wconf 91' lang='lat' dir='ltr'><strong>eiusque</strong></span> <span class='ocrx_word' id='word_1_89' title='bbox 1011 1187 1071 1247; x_wconf 93' lang='lat' dir='ltr'><strong>lec-</strong></span> 
     </span>
     <span class='ocr_line' id='line_1_13' title="bbox 60 1275 1070 1358; baseline -0.004 -20"><span class='ocrx_word' id='word_1_90' title='bbox 60 1281 158 1340; x_wconf 89' lang='lat' dir='ltr'><strong>tiones</strong></span> <span class='ocrx_word' id='word_1_91' title='bbox 180 1278 310 1358; x_wconf 80' lang='lat' dir='ltr'><strong>margini</strong></span> <span class='ocrx_word' id='word_1_92' title='bbox 333 1277 472 1338; x_wconf 78' lang='lat' dir='ltr'><strong>editionis</strong></span> <span class='ocrx_word' id='word_1_93' title='bbox 495 1275 746 1337; x_wconf 79' lang='lat' dir='ltr'><strong>Commelinianae</strong></span> <span class='ocrx_word' id='word_1_94' title='bbox 764 1275 835 1334; x_wconf 86' lang='lat' dir='ltr'><strong>Abr.</strong></span> <span class='ocrx_word' id='word_1_95' title='bbox 855 1275 1000 1336; x_wconf 80' lang='lat' dir='ltr'><strong>Gronovii</strong></span> <span class='ocrx_word' id='word_1_96' title='bbox 1018 1275 1070 1334; x_wconf 90' lang='lat' dir='ltr'><strong>ad-</strong></span> 
     </span>
     <span class='ocr_line' id='line_1_14' title="bbox 61 1360 1072 1445; baseline -0.003 -17"><span class='ocrx_word' id='word_1_97' title='bbox 61 1360 211 1445; x_wconf 75' lang='lat' dir='ltr'><strong>scripsit⁸z</strong></span> <span class='ocrx_word' id='word_1_98' title='bbox 234 1368 282 1427; x_wconf 92' lang='lat' dir='ltr'><strong>hic</strong></span> <span class='ocrx_word' id='word_1_99' title='bbox 305 1370 408 1427; x_wconf 87' lang='lat' dir='ltr'><strong>autem</strong></span> <span class='ocrx_word' id='word_1_100' title='bbox 430 1367 521 1426; x_wconf 83' lang='lat' dir='ltr'><strong>codex</strong></span> <span class='ocrx_word' id='word_1_101' title='bbox 544 1368 641 1424; x_wconf 83' lang='lat' dir='ltr'><strong>exstat</strong></span> <span class='ocrx_word' id='word_1_102' title='bbox 659 1364 954 1442; x_wconf 83' lang='lat' dir='ltr'><strong>Lugduno-Batavae</strong></span> <span class='ocrx_word' id='word_1_103' title='bbox 978 1365 1011 1423; x_wconf 92' lang='lat' dir='ltr'><strong>in</strong></span> <span class='ocrx_word' id='word_1_104' title='bbox 1035 1384 1072 1425; x_wconf 89' lang='lat' dir='ltr'><strong>ea</strong></span> 
     </span>
     <span class='ocr_line' id='line_1_15' title="bbox 60 1447 1072 1534; baseline -0.004 -18"><span class='ocrx_word' id='word_1_105' title='bbox 60 1457 267 1517; x_wconf 90' lang='lat' dir='ltr'><strong>universitatis</strong></span> <span class='ocrx_word' id='word_1_106' title='bbox 295 1456 492 1515; x_wconf 88' lang='lat' dir='ltr'><strong>bibliothecae</strong></span> <span class='ocrx_word' id='word_1_107' title='bbox 524 1457 622 1532; x_wconf 84' lang='lat' dir='ltr'><strong>parte,</strong></span> <span class='ocrx_word' id='word_1_108' title='bbox 657 1472 733 1530; x_wconf 89' lang='lat' dir='ltr'><strong>quae</strong></span> <span class='ocrx_word' id='word_1_109' title='bbox 763 1455 889 1513; x_wconf 90' lang='lat' dir='ltr'><strong>vocatur</strong></span> <span class='ocrx_word' id='word_1_110' title='bbox 919 1447 1072 1534; x_wconf 74' lang='lat' dir='ltr'><strong>publica4,</strong></span> 
     </span>
     <span class='ocr_line' id='line_1_16' title="bbox 61 1542 1073 1620; baseline -0.002 -16"><span class='ocrx_word' id='word_1_111' title='bbox 61 1545 118 1604; x_wconf 92' lang='lat' dir='ltr'><strong>sub</strong></span> <span class='ocrx_word' id='word_1_112' title='bbox 140 1565 263 1605; x_wconf 90' lang='lat' dir='ltr'><strong>numero</strong></span> <span class='ocrx_word' id='word_1_113' title='bbox 291 1548 360 1605; x_wconf 80' lang='lat'><strong>102.</strong></span> <span class='ocrx_word' id='word_1_114' title='bbox 407 1544 498 1604; x_wconf 85' lang='lat' dir='ltr'><strong>codex</strong></span> <span class='ocrx_word' id='word_1_115' title='bbox 525 1545 570 1602; x_wconf 89' lang='lat' dir='ltr'><strong>est</strong></span> <span class='ocrx_word' id='word_1_116' title='bbox 596 1542 851 1620; x_wconf 87' lang='lat' dir='ltr'><strong>membranaceus,</strong></span> <span class='ocrx_word' id='word_1_117' title='bbox 878 1561 972 1601; x_wconf 88' lang='lat' dir='ltr'><strong>manu</strong></span> <span class='ocrx_word' id='word_1_118' title='bbox 1000 1543 1073 1603; x_wconf 91' lang='lat' dir='ltr'><strong>scri·</strong></span> 
     </span>
     <span class='ocr_line' id='line_1_17' title="bbox 61 1623 1073 1712; baseline -0.002 -20"><span class='ocrx_word' id='word_1_119' title='bbox 61 1636 140 1712; x_wconf 80' lang='lat' dir='ltr'><strong>ptus,</strong></span> <span class='ocrx_word' id='word_1_120' title='bbox 164 1634 277 1694; x_wconf 87' lang='lat' dir='ltr'><strong>saeculi</strong></span> <span class='ocrx_word' id='word_1_121' title='bbox 299 1634 334 1711; x_wconf 81' lang='lat' dir='ltr'><strong>X,</strong></span> <span class='ocrx_word' id='word_1_122' title='bbox 357 1633 481 1692; x_wconf 90' lang='lat' dir='ltr'><strong>minoris</strong></span> <span class='ocrx_word' id='word_1_123' title='bbox 503 1633 616 1692; x_wconf 88' lang='lat' dir='ltr'><strong>formae</strong></span> <span class='ocrx_word' id='word_1_124' title='bbox 640 1630 785 1710; x_wconf 83' lang='lat' dir='ltr'><strong>oblongae</strong></span> <span class='ocrx_word' id='word_1_125' title='bbox 810 1623 974 1711; x_wconf 81' lang='lat'>(26&gt;&lt;17</span> <span class='ocrx_word' id='word_1_126' title='bbox 1000 1625 1073 1712; x_wconf 78' lang='lat' dir='ltr'><strong>cm),</strong></span> 
     </span>
     <span class='ocr_line' id='line_1_18' title="bbox 61 1720 1073 1802; baseline 0.001 -20"><span class='ocrx_word' id='word_1_127' title='bbox 61 1723 203 1802; x_wconf 78' lang='lat' dir='ltr'><strong>foliorum</strong></span> <span class='ocrx_word' id='word_1_128' title='bbox 228 1725 304 1801; x_wconf 84' lang='lat'>134,</span> <span class='ocrx_word' id='word_1_129' title='bbox 332 1740 473 1782; x_wconf 88' lang='lat' dir='ltr'><strong>versuum</strong></span> <span class='ocrx_word' id='word_1_130' title='bbox 498 1723 552 1798; x_wconf 83' lang='lat'><strong>30,</strong></span> <span class='ocrx_word' id='word_1_131' title='bbox 580 1720 744 1796; x_wconf 80' lang='lat' dir='ltr'><strong>scripturae</strong></span> <span class='ocrx_word' id='word_1_132' title='bbox 772 1720 953 1800; x_wconf 85' lang='lat' dir='ltr'><strong>inaequalis,</strong></span> <span class='ocrx_word' id='word_1_133' title='bbox 981 1723 1073 1784; x_wconf 92' lang='lat' dir='ltr'><strong>modo</strong></span> 
     </span>
     <span class='ocr_line' id='line_1_19' title="bbox 61 1809 1074 1890; baseline 0 -19"><span class='ocrx_word' id='word_1_134' title='bbox 61 1811 233 1871; x_wconf 90' lang='lat' dir='ltr'><strong>minutioris</strong></span> <span class='ocrx_word' id='word_1_135' title='bbox 255 1811 343 1871; x_wconf 90' lang='lat' dir='ltr'><strong>modo</strong></span> <span class='ocrx_word' id='word_1_136' title='bbox 366 1809 546 1889; x_wconf 82' lang='lat' dir='ltr'><strong>grandioris,</strong></span> <span class='ocrx_word' id='word_1_137' title='bbox 574 1809 661 1869; x_wconf 92' lang='lat' dir='ltr'><strong>modo</strong></span> <span class='ocrx_word' id='word_1_138' title='bbox 689 1809 820 1885; x_wconf 87' lang='lat' dir='ltr'><strong>pallidae</strong></span> <span class='ocrx_word' id='word_1_139' title='bbox 847 1809 935 1870; x_wconf 91' lang='lat' dir='ltr'><strong>modo</strong></span> <span class='ocrx_word' id='word_1_140' title='bbox 958 1810 1074 1890; x_wconf 87' lang='lat' dir='ltr'><strong>fuscae,</strong></span> 
     </span>
     <span class='ocr_line' id='line_1_20' title="bbox 64 1897 1074 1976; baseline 0.001 -16"><span class='ocrx_word' id='word_1_141' title='bbox 64 1903 94 1960; x_wconf 89' lang='lat' dir='ltr'><strong>et</strong></span> <span class='ocrx_word' id='word_1_142' title='bbox 116 1904 236 1976; x_wconf 88' lang='lat' dir='ltr'><strong>praeter</strong></span> <span class='ocrx_word' id='word_1_143' title='bbox 257 1900 388 1960; x_wconf 87' lang='lat' dir='ltr'><strong>Palladii</strong></span> <span class='ocrx_word' id='word_1_144' title='bbox 411 1918 486 1976; x_wconf 89' lang='lat' dir='ltr'><strong>opus</strong></span> <span class='ocrx_word' id='word_1_145' title='bbox 510 1898 643 1958; x_wconf 88' lang='lat' dir='ltr'><strong>continet</strong></span> <span class='ocrx_word' id='word_1_146' title='bbox 661 1898 833 1958; x_wconf 84' lang='lat' dir='ltr'><strong>Passionem</strong></span> <span class='ocrx_word' id='word_1_147' title='bbox 852 1899 881 1958; x_wconf 76' lang='lat' dir='ltr'><strong>S.</strong></span> <span class='ocrx_word' id='word_1_148' title='bbox 901 1897 1074 1961; x_wconf 69' lang='lat' dir='ltr'><strong>christinae</strong></span> 
     </span>
     <span class='ocr_line' id='line_1_21' title="bbox 62 1986 1074 2050; baseline 0 -1"><span class='ocrx_word' id='word_1_149' title='bbox 62 1993 92 2049; x_wconf 93' lang='lat' dir='ltr'><strong>et</strong></span> <span class='ocrx_word' id='word_1_150' title='bbox 111 1989 214 2048; x_wconf 88' lang='lat' dir='ltr'><strong>Vitam</strong></span> <span class='ocrx_word' id='word_1_151' title='bbox 237 1989 266 2049; x_wconf 85' lang='lat' dir='ltr'><strong>S.</strong></span> <span class='ocrx_word' id='word_1_152' title='bbox 291 1989 428 2049; x_wconf 87' lang='lat' dir='ltr'><strong>Servatii.</strong></span> <span class='ocrx_word' id='word_1_153' title='bbox 474 1988 546 2048; x_wconf 92' lang='lat' dir='ltr'><strong>olim</strong></span> <span class='ocrx_word' id='word_1_154' title='bbox 572 1988 633 2045; x_wconf 88' lang='lat' dir='ltr'><strong>fuit</strong></span> <span class='ocrx_word' id='word_1_155' title='bbox 659 1987 690 2046; x_wconf 90' lang='lat' dir='ltr'><strong>in</strong></span> <span class='ocrx_word' id='word_1_156' title='bbox 718 1986 898 2048; x_wconf 82' lang='lat' dir='ltr'><strong>bibliotheca</strong></span> <span class='ocrx_word' id='word_1_157' title='bbox 920 1987 1074 2050; x_wconf 87' lang='lat' dir='ltr'><strong>Abbatiae</strong></span> 
     </span>
     <span class='ocr_line' id='line_1_22' title="bbox 60 2076 1074 2157; baseline 0.001 -20"><span class='ocrx_word' id='word_1_158' title='bbox 60 2079 285 2157; x_wconf 81' lang='lat' dir='ltr'><strong>Egmundanae.</strong></span> <span class='ocrx_word' id='word_1_159' title='bbox 338 2078 402 2154; x_wconf 91' lang='lat' dir='ltr'><strong>ipse</strong></span> <span class='ocrx_word' id='word_1_160' title='bbox 443 2097 511 2138; x_wconf 90' lang='lat' dir='ltr'><strong>eum</strong></span> <span class='ocrx_word' id='word_1_161' title='bbox 547 2077 662 2136; x_wconf 89' lang='lat' dir='ltr'><strong>contuli</strong></span> <span class='ocrx_word' id='word_1_162' title='bbox 693 2076 881 2155; x_wconf 82' lang='lat' dir='ltr'><strong>Wirceburgi</strong></span> <span class='ocrx_word' id='word_1_163' title='bbox 918 2078 1074 2138; x_wconf 90' lang='lat' dir='ltr'><strong>mensibus</strong></span> 
     </span>
     <span class='ocr_line' id='line_1_23' title="bbox 61 2165 880 2228; baseline -0.002 -2"><span class='ocrx_word' id='word_1_164' title='bbox 61 2167 214 2228; x_wconf 82' lang='lat' dir='ltr'><strong>novembri</strong></span> <span class='ocrx_word' id='word_1_165' title='bbox 237 2170 269 2228; x_wconf 88' lang='lat' dir='ltr'><strong>et</strong></span> <span class='ocrx_word' id='word_1_166' title='bbox 291 2166 438 2227; x_wconf 85' lang='lat' dir='ltr'><strong>decembri</strong></span> <span class='ocrx_word' id='word_1_167' title='bbox 462 2168 547 2226; x_wconf 88' lang='lat'>1888</span> <span class='ocrx_word' id='word_1_168' title='bbox 571 2168 602 2224; x_wconf 88' lang='lat' dir='ltr'><strong>et</strong></span> <span class='ocrx_word' id='word_1_169' title='bbox 624 2165 760 2225; x_wconf 89' lang='lat' dir='ltr'><strong>ianuario</strong></span> <span class='ocrx_word' id='word_1_170' title='bbox 785 2168 880 2225; x_wconf 83' lang='lat'>1889.</span> 
     </span>
    </p>

    <p class='ocr_par' dir='ltr' id='par_1_4' title="bbox 60 2253 1075 2870">
     <span class='ocr_line' id='line_1_24' title="bbox 128 2253 1073 2332; baseline 0.002 -19"><span class='ocrx_word' id='word_1_171' title='bbox 128 2255 292 2317; x_wconf 85' lang='lat' dir='ltr'><strong>Vossianus</strong></span> <span class='ocrx_word' id='word_1_172' title='bbox 311 2258 414 2316; x_wconf 85' lang='lat' dir='ltr'><strong>autem</strong></span> <span class='ocrx_word' id='word_1_173' title='bbox 432 2256 531 2332; x_wconf 71' lang='lat' dir='ltr'><strong>codex,</strong></span> <span class='ocrx_word' id='word_1_174' title='bbox 552 2255 637 2314; x_wconf 90' lang='lat' dir='ltr'><strong>cuius</strong></span> <span class='ocrx_word' id='word_1_175' title='bbox 655 2254 797 2314; x_wconf 88' lang='lat' dir='ltr'><strong>lectiones</strong></span> <span class='ocrx_word' id='word_1_176' title='bbox 816 2254 854 2313; x_wconf 92' lang='lat' dir='ltr'><strong>ab</strong></span> <span class='ocrx_word' id='word_1_177' title='bbox 871 2253 894 2314; x_wconf 92' lang='grc' dir='ltr'><strong>Ι.</strong></span> <span class='ocrx_word' id='word_1_178' title='bbox 914 2254 1073 2316; x_wconf 89' lang='lat' dir='ltr'><strong>Perizonio</strong></span> 
     </span>
     <span class='ocr_line' id='line_1_25' title="bbox 62 2334 1075 2422; baseline 0.002 -19"><span class='ocrx_word' id='word_1_179' title='bbox 62 2346 214 2420; x_wconf 85' lang='lat' dir='ltr'><strong>excerptas</strong></span> <span class='ocrx_word' id='word_1_180' title='bbox 238 2345 345 2405; x_wconf 79' lang='lat' dir='ltr'><strong>Christ.</strong></span> <span class='ocrx_word' id='word_1_181' title='bbox 365 2344 593 2422; x_wconf 84' lang='lat' dir='ltr'><strong>Schoettgenius</strong></span> <span class='ocrx_word' id='word_1_182' title='bbox 617 2334 779 2420; x_wconf 80' lang='lat' dir='ltr'><strong>adhibuit⁶,</strong></span> <span class='ocrx_word' id='word_1_183' title='bbox 802 2343 881 2401; x_wconf 89' lang='lat' dir='ltr'><strong>idem</strong></span> <span class='ocrx_word' id='word_1_184' title='bbox 904 2361 967 2402; x_wconf 89' lang='lat' dir='ltr'><strong>esse</strong></span> <span class='ocrx_word' id='word_1_185' title='bbox 985 2345 1075 2406; x_wconf 91' lang='lat' dir='ltr'><strong>vide-</strong></span> 
     </span>
     <span class='ocr_line' id='line_1_26' title="bbox 61 2430 1073 2511; baseline 0.002 -20"><span class='ocrx_word' id='word_1_186' title='bbox 61 2435 121 2510; x_wconf 87' lang='lat' dir='ltr'><strong>tur,</strong></span> <span class='ocrx_word' id='word_1_187' title='bbox 145 2452 235 2508; x_wconf 87' lang='lat' dir='ltr'><strong>quem</strong></span> <span class='ocrx_word' id='word_1_188' title='bbox 256 2433 280 2492; x_wconf 93' lang='lat' dir='ltr'><strong>I.</strong></span> <span class='ocrx_word' id='word_1_189' title='bbox 299 2433 346 2491; x_wconf 84' lang='lat' dir='ltr'><strong>Fr.</strong></span> <span class='ocrx_word' id='word_1_190' title='bbox 367 2432 535 2493; x_wconf 86' lang='lat' dir='ltr'><strong>Gronovius</strong></span> <span class='ocrx_word' id='word_1_191' title='bbox 559 2432 695 2510; x_wconf 82' lang='lat' dir='ltr'><strong>contulit,</strong></span> <span class='ocrx_word' id='word_1_192' title='bbox 719 2431 791 2508; x_wconf 93' lang='lat' dir='ltr'><strong>quia</strong></span> <span class='ocrx_word' id='word_1_193' title='bbox 813 2430 1073 2511; x_wconf 82' lang='lat' dir='ltr'><strong>Lugduno-Bata-</strong></span> 
     </span>
     <span class='ocr_line' id='line_1_27' title="bbox 60 2520 1075 2598; baseline 0.002 -17"><span class='ocrx_word' id='word_1_194' title='bbox 60 2540 116 2581; x_wconf 89' lang='lat' dir='ltr'><strong>vae</strong></span> <span class='ocrx_word' id='word_1_195' title='bbox 146 2520 178 2580; x_wconf 92' lang='lat' dir='ltr'><strong>in</strong></span> <span class='ocrx_word' id='word_1_196' title='bbox 205 2541 240 2580; x_wconf 91' lang='lat' dir='ltr'><strong>ea</strong></span> <span class='ocrx_word' id='word_1_197' title='bbox 267 2521 472 2581; x_wconf 86' lang='lat' dir='ltr'><strong>universitatis</strong></span> <span class='ocrx_word' id='word_1_198' title='bbox 499 2521 695 2581; x_wconf 90' lang='lat' dir='ltr'><strong>bibliothecae</strong></span> <span class='ocrx_word' id='word_1_199' title='bbox 721 2523 820 2598; x_wconf 83' lang='lat' dir='ltr'><strong>parte,</strong></span> <span class='ocrx_word' id='word_1_200' title='bbox 853 2540 930 2598; x_wconf 89' lang='lat' dir='ltr'><strong>quae</strong></span> <span class='ocrx_word' id='word_1_201' title='bbox 958 2522 1075 2583; x_wconf 86' lang='lat' dir='ltr'><strong>dicitur</strong></span> 
     </span>
     <span class='ocr_line' id='line_1_28' title="bbox 62 2606 1072 2689; baseline 0.005 -22"><span class='ocrx_word' id='word_1_202' title='bbox 62 2609 217 2689; x_wconf 81' lang='lat' dir='ltr'><strong>Vossiana,</strong></span> <span class='ocrx_word' id='word_1_203' title='bbox 240 2611 343 2668; x_wconf 90' lang='lat' dir='ltr'><strong>nullus</strong></span> <span class='ocrx_word' id='word_1_204' title='bbox 362 2609 491 2668; x_wconf 90' lang='lat' dir='ltr'><strong>Palladii</strong></span> <span class='ocrx_word' id='word_1_205' title='bbox 509 2611 584 2669; x_wconf 92' lang='lat' dir='ltr'><strong>liber</strong></span> <span class='ocrx_word' id='word_1_206' title='bbox 601 2628 694 2667; x_wconf 88' lang='lat' dir='ltr'><strong>manu</strong></span> <span class='ocrx_word' id='word_1_207' title='bbox 711 2609 841 2685; x_wconf 91' lang='lat' dir='ltr'><strong>scriptus</strong></span> <span class='ocrx_word' id='word_1_208' title='bbox 860 2606 1072 2672; x_wconf 77' lang='lat' dir='ltr'><strong>adservatur⁶r</strong></span> 
     </span>
     <span class='ocr_line' id='line_1_29' title="bbox 61 2698 1072 2778; baseline 0.006 -22"><span class='ocrx_word' id='word_1_209' title='bbox 61 2699 242 2758; x_wconf 89' lang='lat' dir='ltr'><strong>Vossianum</strong></span> <span class='ocrx_word' id='word_1_210' title='bbox 263 2698 359 2777; x_wconf 82' lang='lat' dir='ltr'><strong>igitur</strong></span> <span class='ocrx_word' id='word_1_211' title='bbox 381 2717 544 2778; x_wconf 82' lang='lat' dir='ltr'><strong>cognomen</strong></span> <span class='ocrx_word' id='word_1_212' title='bbox 572 2717 669 2757; x_wconf 88' lang='lat' dir='ltr'><strong>errore</strong></span> <span class='ocrx_word' id='word_1_213' title='bbox 697 2698 829 2774; x_wconf 90' lang='lat' dir='ltr'><strong>quodam</strong></span> <span class='ocrx_word' id='word_1_214' title='bbox 850 2698 999 2759; x_wconf 88' lang='lat' dir='ltr'><strong>Perizonii</strong></span> <span class='ocrx_word' id='word_1_215' title='bbox 1022 2722 1072 2762; x_wconf 82' lang='lat' dir='ltr'><strong>ex-</strong></span> 
     </span>
     <span class='ocr_line' id='line_1_30' title="bbox 63 2787 1071 2870; baseline 0.002 -22"><span class='ocrx_word' id='word_1_216' title='bbox 63 2791 162 2848; x_wconf 90' lang='lat' dir='ltr'><strong>ortum</strong></span> <span class='ocrx_word' id='word_1_217' title='bbox 185 2807 248 2848; x_wconf 88' lang='lat' dir='ltr'><strong>esse</strong></span> <span class='ocrx_word' id='word_1_218' title='bbox 271 2788 412 2864; x_wconf 91' lang='lat' dir='ltr'><strong>suspicor.</strong></span> <span class='ocrx_word' id='word_1_219' title='bbox 460 2787 540 2863; x_wconf 93' lang='lat' dir='ltr'><strong>quod</strong></span> <span class='ocrx_word' id='word_1_220' title='bbox 563 2789 665 2846; x_wconf 93' lang='lat' dir='ltr'><strong>autem</strong></span> <span class='ocrx_word' id='word_1_221' title='bbox 689 2787 884 2847; x_wconf 84' lang='lat' dir='ltr'><strong>Schneiderus</strong></span> <span class='ocrx_word' id='word_1_222' title='bbox 908 2788 1071 2870; x_wconf 87' lang='lat' dir='ltr'><strong>dubitavit,</strong></span> 
     </span>
    </p>
   </div>
   <div class='ocr_carea' id='block_1_3' title="bbox 51 3007 1071 3581">
    <p class='ocr_par' dir='ltr' id='par_1_5' title="bbox 51 3007 1071 3581">
     <span class='ocr_line' id='line_1_31' title="bbox 135 3007 1070 3081; baseline 0.002 -17"><span class='ocrx_word' id='word_1_223' title='bbox 135 3016 149 3064; x_wconf 96' lang='lat'><strong>1</strong></span> <span class='ocrx_word' id='word_1_224' title='bbox 170 3009 332 3065; x_wconf 83' lang='lat' dir='ltr'><strong>Schneideri</strong></span> <span class='ocrx_word' id='word_1_225' title='bbox 359 3012 426 3064; x_wconf 85' lang='lat' dir='ltr'><strong>tom.</strong></span> <span class='ocrx_word' id='word_1_226' title='bbox 444 3010 483 3063; x_wconf 81' lang='grc' dir='ltr'><strong>[Π</strong></span> <span class='ocrx_word' id='word_1_227' title='bbox 500 3008 587 3079; x_wconf 85' lang='lat' dir='ltr'><strong>praef.</strong></span> <span class='ocrx_word' id='word_1_228' title='bbox 606 3009 651 3064; x_wconf 89' lang='lat' dir='ltr'><strong>IX.</strong></span> <span class='ocrx_word' id='word_1_229' title='bbox 671 3015 740 3062; x_wconf 78' lang='lat'><strong>—2</strong></span> <span class='ocrx_word' id='word_1_230' title='bbox 764 3007 880 3064; x_wconf 83' lang='lat' dir='ltr'><strong>Gesneri</strong></span> <span class='ocrx_word' id='word_1_231' title='bbox 901 3010 989 3080; x_wconf 88' lang='lat' dir='ltr'><strong>praef.</strong></span> <span class='ocrx_word' id='word_1_232' title='bbox 1009 3012 1070 3081; x_wconf 86' lang='lat' dir='ltr'><strong>XV,</strong></span> 
     </span>
     <span class='ocr_line' id='line_1_32' title="bbox 65 3078 1069 3152; baseline 0.004 -18"><span class='ocrx_word' id='word_1_233' title='bbox 65 3079 227 3136; x_wconf 85' lang='lat' dir='ltr'><strong>Schneideri</strong></span> <span class='ocrx_word' id='word_1_234' title='bbox 241 3084 308 3138; x_wconf 91' lang='lat' dir='ltr'><strong>tom.</strong></span> <span class='ocrx_word' id='word_1_235' title='bbox 318 3082 357 3136; x_wconf 93' lang='grc' dir='ltr'><strong>ΙΠ</strong></span> <span class='ocrx_word' id='word_1_236' title='bbox 370 3081 457 3152; x_wconf 86' lang='lat' dir='ltr'><strong>praef.</strong></span> <span class='ocrx_word' id='word_1_237' title='bbox 468 3081 527 3136; x_wconf 87' lang='lat' dir='ltr'><strong>VH.</strong></span> <span class='ocrx_word' id='word_1_238' title='bbox 538 3112 572 3120; x_wconf 95' lang='lat'>—</span> <span class='ocrx_word' id='word_1_239' title='bbox 583 3086 599 3134; x_wconf 87' lang='lat'><strong>3</strong></span> <span class='ocrx_word' id='word_1_240' title='bbox 611 3078 773 3134; x_wconf 82' lang='lat' dir='ltr'><strong>Schneideri</strong></span> <span class='ocrx_word' id='word_1_241' title='bbox 787 3083 853 3135; x_wconf 86' lang='lat' dir='ltr'><strong>tom.</strong></span> <span class='ocrx_word' id='word_1_242' title='bbox 863 3081 902 3135; x_wconf 93' lang='grc' dir='ltr'><strong>ΙΠ</strong></span> <span class='ocrx_word' id='word_1_243' title='bbox 911 3082 999 3152; x_wconf 89' lang='lat' dir='ltr'><strong>praef.</strong></span> <span class='ocrx_word' id='word_1_244' title='bbox 1009 3083 1069 3138; x_wconf 88' lang='lat' dir='ltr'><strong>VH.</strong></span> 
     </span>
     <span class='ocr_line' id='line_1_33' title="bbox 63 3151 1071 3225; baseline 0.005 -21"><span class='ocrx_word' id='word_1_245' title='bbox 63 3182 98 3190; x_wconf 95' lang='lat'>—</span> <span class='ocrx_word' id='word_1_246' title='bbox 116 3158 134 3204; x_wconf 86' lang='lat'>4</span> <span class='ocrx_word' id='word_1_247' title='bbox 152 3152 303 3224; x_wconf 80' lang='lat' dir='ltr'><strong>Gatalogns</strong></span> <span class='ocrx_word' id='word_1_248' title='bbox 321 3151 457 3207; x_wconf 90' lang='lat' dir='ltr'><strong>librorum</strong></span> <span class='ocrx_word' id='word_1_249' title='bbox 474 3155 535 3207; x_wconf 84' lang='lat' dir='ltr'><strong>tam</strong></span> <span class='ocrx_word' id='word_1_250' title='bbox 552 3152 749 3222; x_wconf 89' lang='lat' dir='ltr'><strong>impressorum</strong></span> <span class='ocrx_word' id='word_1_251' title='bbox 768 3168 853 3220; x_wconf 92' lang='lat' dir='ltr'><strong>quam</strong></span> <span class='ocrx_word' id='word_1_252' title='bbox 866 3153 1071 3225; x_wconf 88' lang='lat' dir='ltr'><strong>manuscripto-</strong></span> 
     </span>
     <span class='ocr_line' id='line_1_34' title="bbox 63 3222 1071 3296; baseline 0.007 -23"><span class='ocrx_word' id='word_1_253' title='bbox 63 3239 125 3273; x_wconf 91' lang='lat' dir='ltr'><strong>rum</strong></span> <span class='ocrx_word' id='word_1_254' title='bbox 142 3223 335 3279; x_wconf 87' lang='lat' dir='ltr'><strong>Bibliothecae</strong></span> <span class='ocrx_word' id='word_1_255' title='bbox 352 3222 549 3277; x_wconf 85' lang='lat' dir='ltr'><strong>Universitatis</strong></span> <span class='ocrx_word' id='word_1_256' title='bbox 563 3222 837 3292; x_wconf 88' lang='lat' dir='ltr'><strong>Lugduno-Batavae</strong></span> <span class='ocrx_word' id='word_1_257' title='bbox 852 3241 918 3278; x_wconf 89' lang='lat' dir='ltr'><strong>cura</strong></span> <span class='ocrx_word' id='word_1_258' title='bbox 937 3227 967 3279; x_wconf 90' lang='lat' dir='ltr'><strong>et</strong></span> <span class='ocrx_word' id='word_1_259' title='bbox 984 3241 1071 3296; x_wconf 85' lang='lat' dir='ltr'><strong>opera</strong></span> 
     </span>
     <span class='ocr_line' id='line_1_35' title="bbox 65 3291 1070 3367; baseline 0.008 -25"><span class='ocrx_word' id='word_1_260' title='bbox 65 3291 107 3346; x_wconf 90' lang='lat' dir='ltr'><strong>W.</strong></span> <span class='ocrx_word' id='word_1_261' title='bbox 128 3291 303 3365; x_wconf 76' lang='lat' dir='ltr'><strong>Senguerdii,</strong></span> <span class='ocrx_word' id='word_1_262' title='bbox 330 3295 385 3349; x_wconf 89' lang='lat' dir='ltr'><strong>Iac.</strong></span> <span class='ocrx_word' id='word_1_263' title='bbox 405 3293 537 3348; x_wconf 83' lang='lat' dir='ltr'><strong>Gronovii</strong></span> <span class='ocrx_word' id='word_1_264' title='bbox 560 3297 589 3349; x_wconf 89' lang='lat' dir='ltr'><strong>ct</strong></span> <span class='ocrx_word' id='word_1_265' title='bbox 610 3294 631 3348; x_wconf 93' lang='lat' dir='ltr'><strong>I.</strong></span> <span class='ocrx_word' id='word_1_266' title='bbox 649 3293 811 3364; x_wconf 77' lang='lat' dir='ltr'><strong>Heymanii,</strong></span> <span class='ocrx_word' id='word_1_267' title='bbox 838 3295 970 3366; x_wconf 81' lang='lat' dir='ltr'><strong>Lugduni</strong></span> <span class='ocrx_word' id='word_1_268' title='bbox 994 3297 1070 3367; x_wconf 87' lang='lat' dir='ltr'><strong>apud</strong></span> 
     </span>
     <span class='ocr_line' id='line_1_36' title="bbox 62 3362 1068 3436; baseline 0.005 -21"><span class='ocrx_word' id='word_1_269' title='bbox 62 3362 184 3418; x_wconf 86' lang='lat' dir='ltr'><strong>Batavos</strong></span> <span class='ocrx_word' id='word_1_270' title='bbox 199 3371 276 3434; x_wconf 79' lang='grc'>1716,</span> <span class='ocrx_word' id='word_1_271' title='bbox 293 3385 320 3436; x_wconf 86' lang='lat' dir='ltr'><strong>p.</strong></span> <span class='ocrx_word' id='word_1_272' title='bbox 331 3373 392 3435; x_wconf 76' lang='lat'><strong>329,</strong></span> <span class='ocrx_word' id='word_1_273' title='bbox 411 3372 556 3420; x_wconf 80' lang='lat' dir='ltr'><strong>num.102.</strong></span> <span class='ocrx_word' id='word_1_274' title='bbox 570 3398 605 3406; x_wconf 92' lang='lat'><em>-</em></span> <span class='ocrx_word' id='word_1_275' title='bbox 620 3371 635 3419; x_wconf 80' lang='lat'><strong>5</strong></span> <span class='ocrx_word' id='word_1_276' title='bbox 651 3363 765 3420; x_wconf 85' lang='lat' dir='ltr'><strong>Gesneri</strong></span> <span class='ocrx_word' id='word_1_277' title='bbox 778 3365 865 3435; x_wconf 86' lang='lat' dir='ltr'><strong>praef.</strong></span> <span class='ocrx_word' id='word_1_278' title='bbox 875 3367 934 3436; x_wconf 88' lang='lat' dir='ltr'><strong>XV,</strong></span> <span class='ocrx_word' id='word_1_279' title='bbox 955 3366 1068 3423; x_wconf 86' lang='lat' dir='ltr'><strong>Schnei-</strong></span> 
     </span>
     <span class='ocr_line' id='line_1_37' title="bbox 63 3433 1068 3509; baseline 0.006 -22"><span class='ocrx_word' id='word_1_280' title='bbox 63 3433 125 3488; x_wconf 90' lang='lat' dir='ltr'><strong>deri</strong></span> <span class='ocrx_word' id='word_1_281' title='bbox 150 3436 216 3491; x_wconf 90' lang='lat' dir='ltr'><strong>tom.</strong></span> <span class='ocrx_word' id='word_1_282' title='bbox 235 3437 273 3490; x_wconf 92' lang='grc' dir='ltr'><strong>ΠΙ</strong></span> <span class='ocrx_word' id='word_1_283' title='bbox 297 3439 383 3508; x_wconf 87' lang='lat' dir='ltr'><strong>praef.</strong></span> <span class='ocrx_word' id='word_1_284' title='bbox 404 3437 463 3492; x_wconf 85' lang='lat' dir='ltr'><strong>Vll.</strong></span> <span class='ocrx_word' id='word_1_285' title='bbox 483 3469 518 3477; x_wconf 94' lang='lat'><strong>—</strong></span> <span class='ocrx_word' id='word_1_286' title='bbox 541 3443 557 3490; x_wconf 84' lang='lat'><strong>6</strong></span> <span class='ocrx_word' id='word_1_287' title='bbox 583 3436 622 3491; x_wconf 81' lang='lat' dir='ltr'><strong>cf.</strong></span> <span class='ocrx_word' id='word_1_288' title='bbox 642 3435 794 3507; x_wconf 70' lang='lat' dir='ltr'><strong>catalogus</strong></span> <span class='ocrx_word' id='word_1_289' title='bbox 819 3436 882 3493; x_wconf 90' lang='lat' dir='ltr'><strong>libr.</strong></span> <span class='ocrx_word' id='word_1_290' title='bbox 901 3441 921 3492; x_wconf 86' lang='lat' dir='ltr'><strong>t.</strong></span> <span class='ocrx_word' id='word_1_291' title='bbox 940 3437 1023 3509; x_wconf 83' lang='lat' dir='ltr'><strong>impr.</strong></span> <span class='ocrx_word' id='word_1_292' title='bbox 1042 3457 1068 3508; x_wconf 89' lang='lat' dir='ltr'><strong>q.</strong></span> 
     </span>
     <span class='ocr_line' id='line_1_38' title="bbox 51 3504 606 3581; baseline 0.016 -26"><span class='ocrx_word' id='word_1_293' title='bbox 51 3522 101 3557; x_wconf 80' lang='lat' dir='ltr'><strong>ms.</strong></span> <span class='ocrx_word' id='word_1_294' title='bbox 124 3504 197 3561; x_wconf 82' lang='lat' dir='ltr'><strong>Br&#39;bl.</strong></span> <span class='ocrx_word' id='word_1_295' title='bbox 222 3507 297 3566; x_wconf 73' lang='lat' dir='ltr'><strong>Uniu</strong></span> <span class='ocrx_word' id='word_1_296' title='bbox 317 3509 525 3581; x_wconf 84' lang='lat' dir='ltr'><strong>Lugd.·Batav.</strong></span> <span class='ocrx_word' id='word_1_297' title='bbox 545 3527 568 3566; x_wconf 90' lang='lat' dir='ltr'><strong>s.</strong></span> <span class='ocrx_word' id='word_1_298' title='bbox 585 3509 606 3564; x_wconf 93' lang='lat' dir='ltr'><strong>l.</strong></span> 
     </span>
    </p>
   </div>
   <div class='ocr_carea' id='block_1_4' title="bbox 0 0 1196 3832">
    <p class='ocr_par' dir='ltr' id='par_1_6' title="bbox 0 0 1196 3832">
     <span class='ocr_line' id='line_1_39' title="bbox 0 0 1196 3832; baseline 0 0"><span class='ocrx_word' id='word_1_299' title='bbox 0 0 1196 3832; x_wconf 95' lang='lat' dir='ltr'><strong> </strong></span> 
     </span>
    </p>
   </div>
  </div>
 </body>
</html>
