2378 3832
388 112 532 184 LIBER
560 110 767 196 QVINTVS

539 245 619 302 SIVE

335 355 543 423 MENSIS
576 356 820 422 APRILIS.

489 621 665 676 TITVLI.

32 742 52 784 ⁵
139 734 155 799 Ι
186 733 233 798 De
257 733 381 797 medica
403 733 537 797 serenda
560 736 593 796 et
615 730 786 815 disciplina
809 730 887 795 eius.

124 822 157 888 Π
187 821 236 887 De
264 821 433 886 inserenda
466 820 537 885 olea
568 820 621 884 uel
654 820 809 902 oleastro,
842 820 880 885 de
912 817 1017 883 uineis
1049 824 1083 884 et

188 910 370 976 seminariis
386 909 544 974 fodiendis
564 914 597 974 et
613 909 791 974 inserendis
807 907 932 973 uitibus
947 911 980 972 et
994 909 1082 995 agris

187 998 307 1064 umidis
330 1002 363 1064 et
384 998 561 1083 pinguibus
584 996 834 1081 proscindendis.

107 1088 158 1153 Ill
189 1088 238 1153 De
260 1087 379 1152 hortis:
402 1086 437 1151 in
461 1108 497 1152 eo
521 1086 560 1151 de
584 1086 743 1170 caulibus,
766 1086 845 1150 item
869 1087 908 1151 dc
931 1085 1020 1171 apio,
1043 1087 1082 1151 de

28 1189 60 1233 10
172 1175 347 1261 atriplice,
371 1176 409 1240 de
429 1175 534 1241 ocimo
554 1197 627 1240 oum
646 1174 825 1260 disciplinis
845 1176 921 1258 suin,
944 1177 1025 1241 item
1044 1176 1083 1240 de

188 1265 324 1350 melone,
348 1286 526 1348 cucumere,
548 1286 654 1348 porro,
678 1265 817 1348 cappari,
837 1264 978 1349 serpillo,
998 1265 1083 1330 colo·

188 1376 292 1439 casco,
314 1353 459 1437 lactucis,
482 1353 567 1436 beta,
589 1352 733 1437 cepullis,
751 1354 930 1437 coriandro,
949 1353 1082 1438 intybis,

189 1443 367 1509 cucurbitis
391 1463 428 1507 ac
451 1446 570 1507 menta,

89 1532 156 1598 IIII
187 1533 236 1597 De
263 1532 383 1615 pomisr
411 1532 446 1595 in
474 1553 511 1597 eo
540 1531 578 1595 de
606 1530 708 1615 nizfya
731 1550 805 1594 cum
828 1529 999 1612 disciplina
1024 1551 1083 1593 sua

41 1642 64 1685 15
191 1625 224 1686 ct
247 1622 286 1685 de
309 1620 382 1685 aliis
405 1620 526 1704 pomis,
549 1640 687 1703 quorum
711 1618 778 1683 suis
802 1618 966 1683 mensibus
990 1617 1083 1682 disci-

188 1710 278 1795 plina
301 1709 463 1791 descripta
487 1713 545 1773 est.

125 1798 157 1864 V
187 1799 236 1863 De
261 1799 332 1864 oleo
355 1797 501 1862 uiolaceo
525 1800 558 1861 et
580 1797 667 1861 uino.

107 1887 157 1953 VI
187 1887 235 1952 De
268 1885 437 1952 armentis:
468 1887 502 1950 in
535 1908 572 1951 eo
601 1885 639 1950 de
671 1885 783 1950 uitulin
815 1885 1011 1970 nutriendis,
1044 1886 1082 1950 de

189 1976 333 2041 tonsuris
357 1980 390 2040 et
413 1974 600 2060 signaturis.

39 2093 62 2131 ac
93 2065 158 2130 VH
187 2064 237 2130 De
260 2064 391 2149 apibus:
413 2063 448 2128 in
471 2085 509 2128 eo
533 2063 572 2129 de
595 2064 796 2150 uestigendis
819 2064 934 2148 apibus
958 2068 991 2127 et
1010 2085 1083 2147 pur·

189 2154 305 2240 gandia
329 2153 489 2218 alueariis.

75 2242 158 2309 VIII
188 2242 237 2307 De
259 2242 359 2307 horis.
458 2312 465 2321 ,

148 2406 161 2454 1
181 2398 473 2453 LIBER-APRILIS
490 2415 540 2454 om.
556 2397 631 2456 codd.
646 2402 685 2470 114
704 2397 824 2453 TITVLI
837 2397 970 2452 MENSIS
984 2396 1082 2450 APRl-

72 2471 127 2526 ms
142 2472 245 2526 codicea
254 2476 279 2526 et
291 2471 377 2541 iupa,
391 2469 634 2526 TITVLI—horis
643 2488 693 2526 orn.
703 2488 717 2526 c
726 2470 736 2542 ll
749 2475 764 2524 5
778 2469 842 2523 IDe
851 2467 1081 2524 medica—horis

73 2560 124 2598 orn.
140 2543 171 2597 E
182 2544 222 2612 116
241 2541 304 2596 olea
321 2558 371 2597 om.
388 2541 436 2612 Gn
452 2547 485 2595 10
504 2541 594 2597 auimo
608 2543 653 2611 Vll
669 2548 701 2595 11
721 2540 860 2596 colocasia
881 2541 919 2612 ρι’
932 2543 941 2610 l
957 2545 989 2594 12
1008 2539 1081 2594 lota·

73 2613 114 2668 cis
131 2614 155 2684 Q
179 2616 184 2684 Ι
208 2613 291 2668 betae
306 2613 373 2682 PG,
391 2612 493 2667 baetae
506 2614 541 2680 L,
560 2614 625 2667 bete
646 2612 669 2683 Q
694 2614 698 2683 ι
721 2611 865 2666 coliandro
883 2612 985 2667 codices
1010 2610 1014 2681 Ι
1039 2609 1080 2665 in-

71 2684 150 2754 tybis
173 2703 192 2739 u
218 2687 228 2754 ΙΙ
256 2690 289 2738 14
316 2684 358 2738 De
375 2683 478 2754 pomis:
507 2683 537 2736 in
556 2699 588 2736 eo
607 2700 657 2737 om.
676 2701 695 2737 u
724 2684 727 2754 l
757 2683 855 2752 zyzyfa
872 2683 908 2751 L,
927 2681 1037 2752 zizipha
1054 2701 1081 2751 u,

72 2752 1082 2897 accumulanduslitulululllltuunl

71 2916 124 2953 cm.
142 2898 168 2962 G
187 2901 200 2967 ll
222 2905 257 2952 22
273 2895 407 2950 MENSIS
424 2895 568 2952 APRILIS
587 2897 699 2954 addunt
716 2897 822 2955 codices
838 2898 963 2967 morter
980 2896 1030 2960 RN
1045 2893 1104 2944 aa

496 3013 670 3025 —-—-
