2370 3832
417 185 533 240 AGRIC.
548 185 600 240 ΠΠ
615 191 718 240 12-13
1005 189 1069 254 143

62 330 124 394 hac
148 335 235 415 sunt,
257 334 294 395 ut
313 330 357 394 sit
375 331 528 417 exiguum
548 337 645 415 caput
669 336 702 397 et
721 332 842 397 siceum
857 334 941 418 pelle
956 356 1068 418 prope·

62 420 194 483 modum
219 419 297 484 solis
322 419 451 484 ossibus
475 420 682 504 adhaerente,
711 443 803 485 aures
827 423 943 487 breues
967 426 999 485 et
1022 445 1070 486 ar·

62 512 170 592 gntae,
195 509 280 573 oculi
299 510 418 593 magni,
441 531 535 574 nares
554 510 694 593 patulae,
716 532 807 575 coma
827 515 859 575 et
878 511 979 575 cauda
997 534 1068 595 pro-

62 597 179 681 fusior,
207 597 402 682 ungularum
428 599 532 662 solida
556 603 589 662 et
612 600 676 663 fixa
699 600 891 664 rotunditas.
935 601 1058 665 colores
1085 603 1105 667 3

35 685 97 750 shi
118 683 297 770 praecipui,
319 686 449 768 badius,
473 708 602 770 aureus,
626 688 785 770 albineus,
809 710 951 770 russeus,
975 687 1120 777 mur-(4)

61 779 156 858 teus,
183 775 346 859 cerninus,
379 775 500 859 gilbus,
537 776 732 858 scutulatus,
768 776 875 860 albus,
909 781 1068 862 guttatus,

62 863 317 946 candidissimus,
341 863 443 947 niger,
465 886 611 947 pressus:
636 866 798 947 sequentis
823 866 932 930 meriti
956 868 1067 930 uarius

61 974 136 1016 cum
155 952 405 1035 pulchritudine,
423 952 517 1036 nigro
542 952 594 1016 uel
614 954 742 1018 albineo
757 954 809 1018 uel
824 954 919 1018 badio
935 955 1066 1036 mixtus,

61 1063 161 1104 canus
186 1039 258 1105 cum
282 1041 397 1125 quouis
422 1041 542 1124 colore,
566 1064 726 1125 spumeus,
750 1043 947 1126 maculosus,
970 1044 1067 1107 muri-

19 1151 132 1211 renus,
156 1129 332 1194 obscurior.
369 1131 425 1194 sed
447 1129 482 1193 in
505 1130 703 1195 admissariis
728 1132 899 1215 praecipue
920 1131 1066 1216 legamus

61 1216 141 1282 clari
175 1222 208 1281 et
240 1218 334 1283 unius
367 1218 499 1283 coloris:
527 1219 631 1283 ceteri
657 1241 735 1285 uero
765 1219 973 1303 despiciendi,
1003 1220 1067 1284 nisi

60 1307 253 1391 magnitudo
277 1307 467 1371 meritorum
491 1307 619 1390 eulpam
638 1307 755 1373 coloris
775 1312 914 1373 excuset.
947 1309 1058 1373 eadem
1082 1311 1104 1374 4

58 1395 95 1459 in
118 1396 262 1479 equabus
286 1395 518 1460 consideranda
541 1401 632 1480 sunt,
654 1397 794 1461 maxime
819 1401 856 1461 ut
880 1396 945 1462 sint
967 1397 1057 1481 longi
1068 1395 1119 1486 (5)

60 1488 93 1547 et
122 1485 233 1569 magni
262 1486 385 1549 uentris
414 1489 446 1548 et
475 1485 637 1568 corporis:
665 1486 720 1549 sed
747 1486 810 1550 hoo
837 1487 872 1550 in
899 1484 1065 1570 generosis

19 1597 44 1637 rs
60 1581 207 1637 seruetur
238 1574 401 1637 armentis.
447 1577 573 1638 ceterae
604 1575 727 1658 passim
758 1578 829 1638 toto
864 1595 948 1639 anno
980 1575 1066 1639 inter

58 1684 181 1744 pascua
204 1661 346 1726 dimissis
370 1684 480 1727 secum
503 1662 647 1728 maribus
670 1663 863 1747 inpleantur.
910 1685 1065 1747 equarum

57 1754 176 1815 natura
200 1755 250 1814 est
272 1755 402 1833 partum
421 1751 529 1835 spatio
548 1751 729 1816 duodecimi
747 1753 866 1817 mensis
886 1753 1064 1817 absoluere.

57 1839 140 1903 illud
162 1838 198 1902 in
221 1839 421 1904 admissariis
446 1842 638 1905 seruandum
662 1847 725 1924 est,
752 1847 789 1906 ut
812 1841 925 1906 mediis
950 1841 1064 1925 aliqui-

58 1928 120 1994 bus
144 1928 260 2011 spatiis
285 1932 474 2012 separentur
496 1934 630 2014 propter
652 1951 771 1994 noxam
794 1930 912 1995 furoris
933 1930 1063 1995 alterni:

15 2043 42 2082 so
57 2016 114 2080 sed
136 2016 189 2089 his
213 2016 368 2081 armentis
392 2038 511 2100 pascua
534 2018 680 2102 legamus
703 2019 931 2104 pinguissima,
957 2018 1063 2082 hieme

56 2105 176 2190 aprica,
199 2105 318 2190 frigida
341 2109 374 2170 et
397 2127 498 2190 opaca
517 2106 743 2189 prouideamus
763 2110 887 2171 aestate
905 2128 965 2170 nec
984 2107 1063 2170 adeo

129 2261 216 2314 lhee
230 2262 279 2333 ΕΙ
295 2261 439 2332 egregium
456 2263 520 2331 1112
540 2261 607 2315 solis
625 2264 760 2331 cuspus
779 2260 903 2331 patulae,
923 2264 952 2314 et
970 2263 1064 2314 erecta

55 2331 164 2400 ceruix,
188 2349 268 2386 coma
292 2333 379 2387 densa
402 2335 465 2387 ets
492 2336 501 2402 ll
529 2338 546 2385 4
568 2332 712 2400 Meritum,
735 2335 765 2385 vt
788 2331 825 2385 sit
849 2334 941 2385 audax
960 2331 1061 2399 animo,

54 2401 175 2474 pedibus
195 2403 309 2472 alacris,
327 2403 513 2458 trementibus
531 2402 677 2472 membris,
696 2404 771 2470 quod
791 2405 834 2456 est
851 2402 987 2457 indicium
1005 2402 1062 2456 for-

54 2473 200 2541 titudinis,
223 2473 327 2544 quique
350 2491 384 2528 ex
407 2491 515 2528 summa
537 2474 632 2541 quiete
654 2473 738 2528 facile
762 2473 930 2543 concitetur,
957 2472 1001 2528 vel
1028 2491 1062 2528 ex

55 2545 146 2600 citata
168 2544 350 2601 festinatione
373 2562 429 2599 non
452 2545 567 2599 difficile
587 2547 724 2599 teneatur.
761 2544 864 2615 (Motus
884 2548 978 2600 autem
997 2544 1062 2613 equi

53 2617 85 2670 in
114 2615 228 2670 auribus
251 2615 432 2687 intelligitur,
457 2617 545 2670 virtus
568 2616 598 2669 in
620 2615 752 2670 membris
775 2617 979 2687 trementibus.)
999 2623 1062 2686 post

53 2687 214 2741 rotunditas
237 2689 333 2743 luserit
350 2705 363 2742 s
386 2705 446 2742 euru
468 2690 519 2742 hoc
540 2695 618 2742 uoto:
642 2688 789 2743 Scutoueru
811 2689 882 2742 haue
903 2690 1011 2743 uniam
1029 2704 1062 2741 eu

55 2759 153 2813 Codice
175 2760 291 2813 inseruit
313 2759 408 2814 Wusse
430 2760 468 2813 ad
490 2759 663 2827 Salustium
686 2761 765 2813 babet
787 2760 868 2813 etium
889 2761 1016 2814 Isidorus
1037 2764 1063 2811 ct

58 2830 136 2884 Viuo.
160 2831 232 2884 huuc
251 2831 339 2884 locum
356 2837 440 2885 totum
458 2831 563 2885 bouils
580 2831 676 2901 ducto
695 2848 756 2884 cum
773 2831 824 2883 bac
841 2837 919 2885 uota:
943 2829 1062 2883 Eubibet

53 2907 145 2955 autem
167 2918 200 2955 cu
225 2901 350 2955 CCC.
375 2900 546 2970 (iuterprctor
570 2901 659 2957 Cedere
682 2902 809 2969 Corporis
833 2901 956 2970 Chardi),
985 2915 1062 2967 quem

54 2973 134 3026 addit
158 2972 253 3027 Wussc
279 2973 317 3026 ad
344 2971 507 3026 Sallustium
534 2974 549 3025 l.
579 2990 600 3027 c.
629 2979 654 3027 ct
679 2974 820 3040 Isidorus,
852 2973 900 3040 qui
926 2977 1062 3048 auctorem

52 3050 177 3098 mamm
194 3043 321 3098 succutit
346 3045 357 3112 ΙΙ
382 3042 458 3095 51111
476 3044 506 3096 Ε
529 3046 533 3113 1
562 3043 711 3113 praecipue
730 3042 940 3112 PLQVer
967 3045 971 3109 Ι
1000 3040 1061 3093 bar-

53 3113 118 3167 dius
138 3114 177 3182 C,
195 3113 315 3167 Basidus
333 3114 382 3184 ΕΙ
399 3113 515 3167 abineus
535 3115 733 3187 PLQVSEl
756 3130 851 3168 roseus
870 3114 971 3180 Vsu!
988 3128 1060 3179 myr-

52 3187 116 3239 teus
136 3185 171 3253 C,
189 3183 305 3238 mirteus
324 3185 416 3256 SET,
434 3201 546 3238 mureus
564 3187 576 3239 i
594 3189 603 3256 ll
626 3192 641 3240 6
660 3185 795 3256 guttadus
814 3186 847 3253 P,
867 3184 1006 3239 Guttanus
1025 3181 1060 3250 L,

91 3254 181 3310 tatius
195 3255 276 3379 Essss
296 3255 396 3310 abineo
411 3256 508 3327 Post
524 3257 528 3330 l
543 3257 629 3311 uadio
643 3257 700 3326 Vs,
719 3255 805 3310 baido
825 3255 916 3310 colore
937 3255 973 3334 C,
989 3251 1061 3306 uali-
1118 3257 1120 3260 ’

74 3325 101 3380 ὀ
114 3326 150 3396 L,
169 3325 230 3380 absi
252 3343 268 3380 o
287 3326 318 3379 E
329 3329 368 3396 119
387 3327 463 3381 conis
483 3329 516 3397 P,
536 3327 663 3397 quolibet
678 3346 707 3397 p,
727 3344 812 3380 eunus
831 3343 928 3380 cocum
946 3342 990 3379 urs
1007 3324 1033 3377 L

52 3403 87 3451 12
106 3396 199 3452 meriti
213 3415 236 3467 p
251 3399 255 3469 Ι
272 3400 399 3451 excusset
417 3400 445 3451 P
456 3402 464 3468 ll
480 3405 513 3452 13
531 3398 634 3469 longae
652 3400 724 3455 sus
741 3400 751 3468 ΙΙ
770 3404 803 3452 15
821 3397 927 3467 passim
946 3414 995 3451 om.
1011 3413 1034 3464 p

52 3473 87 3522 16
107 3467 236 3522 admissis
258 3469 304 3538 Qi,
324 3468 451 3522 demissis
470 3468 516 3525 Fc
529 3473 538 3541 ΙΙ
558 3477 590 3524 17
608 3470 672 3524 XIII
690 3485 798 3524 menses
813 3486 836 3537 p
849 3472 858 3540 ll
873 3475 905 3523 18
925 3466 1061 3523 admissa·

50 3538 91 3592 ris
106 3539 137 3592 E
148 3540 158 3608 ΙΙ
171 3545 203 3593 21
222 3539 421 3609 prouideamus
438 3557 488 3596 cm.
505 3558 540 3613 p,
558 3543 651 3599 iusta
