2370 3832
103 197 167 261 150
520 193 688 248 prunnon

116 486 176 553 DE
199 481 371 549 MEDICA
396 479 605 547 SERENDA
628 481 685 546 ΕΤ
707 478 969 547 DISCIPLINA
992 481 1103 548 EIVS.

68 608 86 673 Ι
170 609 243 673 Hoc
274 629 384 672 mense
417 607 451 672 in
480 607 577 690 areis,
610 628 690 691 quas
723 609 811 688 ante,
844 604 933 671 sieut
968 609 1114 694 diximus,

100 697 317 785 praeparasti,
345 693 469 761 medioa
498 697 632 760 serenda
659 700 721 759 est:
755 717 835 780 quae
864 697 969 760 semel
1000 698 1115 763 seritur

101 792 135 853 et
168 788 278 852 decem
306 785 399 850 annis
427 789 611 869 permanet,
643 784 691 849 ita
718 789 756 849 ut
783 787 900 867 quater
929 785 985 850 uel
1014 787 1114 852 sexies

100 876 208 962 possit
231 898 288 959 per
308 896 427 939 annum
447 873 554 938 recidi.
592 895 706 959 agrum
725 876 895 957 stercorat,
919 897 1035 940 maora
1053 875 1114 940 ani·
1135 896 1144 937 e

101 965 201 1030 melia
223 964 337 1048 reficit,
361 967 452 1027 aurat
476 965 619 1046 aegrota.
662 962 810 1047 iugerum
835 961 905 1026 eius
930 966 1007 1028 toto
1032 985 1114 1029 anno

101 1053 208 1119 tribus
237 1053 328 1137 equis
356 1051 482 1116 abunde
511 1050 642 1115 suffieit.
688 1049 809 1135 singuli
837 1051 952 1134 cyathi
983 1053 1114 1118 seminis

102 1147 262 1227 occupant
284 1143 392 1206 locum
416 1141 520 1204 latum
540 1139 676 1224 pedibus
697 1139 847 1224 quinque,
870 1138 1011 1225 longum
1030 1142 1115 1226 pedi·

58 1230 78 1292 2
101 1233 161 1298 bus
186 1223 304 1297 desem.
342 1230 397 1294 sed
421 1251 496 1294 mox
519 1228 636 1313 ligneis
660 1227 802 1292 rastellis
826 1226 1013 1294 obruantur
1031 1232 1115 1296 iacta

101 1322 238 1404 semina,
263 1320 338 1405 quia
361 1318 428 1382 sole
452 1318 548 1383 eitius
571 1318 802 1382 conburuntur.
848 1320 926 1399 post
950 1319 1114 1384 sationem
1124 1341 1143 1381 n

100 1410 187 1474 ferro
215 1410 323 1473 loeum
351 1408 443 1493 tangi
469 1429 536 1471 non
563 1405 654 1490 lieet,
682 1404 737 1470 sed
765 1405 882 1469 rastris
906 1405 1029 1491 ligneis
1055 1408 1112 1472 fre·

101 1503 237 1582 quanter
256 1496 357 1561 herba
375 1496 557 1578 mundetur,
575 1517 616 1560 ne
635 1499 780 1558 teneram
798 1494 959 1558 medicam
974 1500 1111 1580 premat.

57 1584 77 1648 3
99 1587 206 1671 prima
232 1585 348 1649 messis
372 1584 440 1647 eius
464 1584 588 1648 tardius
612 1584 683 1664 fiat,
710 1587 747 1647 ut
771 1582 978 1666 aliquantum
1003 1607 1113 1650 semen

101 1673 251 1738 excutiat.
299 1676 425 1736 oeterae
452 1693 530 1737 uero
558 1694 694 1754 messes,
727 1693 824 1756 quam
856 1671 1003 1738 uolueris
1038 1676 1112 1758 cito,

100 1765 298 1847 peragantur
316 1765 349 1824 et
363 1761 516 1824 iumentis
532 1760 756 1843 praebeantur.
788 1759 844 1824 sed
858 1760 964 1843 primo
981 1764 1144 1846 parciusue

100 1850 283 1935 praebenda
306 1853 357 1912 est
378 1849 509 1912 nouitas
533 1849 658 1932 pabuli:
686 1849 780 1913 inflat
802 1849 888 1912 enim
912 1854 946 1914 et
969 1853 1112 1917 multum

101 1939 292 2025 sanguinem
325 1941 422 2002 areat.
468 1938 524 2002 ubi
558 1938 714 2022 secueris,
746 1937 874 2020 saepius
908 1939 990 2024 riga
1038 1945 1112 2026 post

100 2050 220 2114 paucos
240 2028 317 2112 dies,
337 2049 409 2092 oum
428 2025 581 2092 fruticare
596 2027 749 2111 sospena
768 2049 879 2091 omnes
894 2026 978 2092 alias
992 2029 1111 2095 herbas

100 2123 246 2183 runcato.
291 2116 339 2180 ita
372 2120 405 2180 et
437 2116 541 2181 sexies
572 2139 630 2201 per
663 2138 781 2179 annum
814 2120 916 2179 metes
950 2121 985 2180 et
1018 2119 1110 2184 annis

102 2208 211 2273 decem
234 2206 356 2291 poterit
379 2228 508 2271 manere
532 2205 704 2271 continuis.
1123 2231 1145 2271 a

221 2435 281 2500 ΒΕ
304 2435 566 2502 INSERENDA
590 2433 706 2501 ΟΕΕΑ
729 2434 786 2499 ΕΤ
809 2431 993 2500 annual.

49 2557 82 2623 II
169 2555 264 2623 Nune
296 2560 377 2626 loois
405 2561 595 2645 temperatis
624 2560 712 2625 oliua
739 2560 914 2624 inseratur:
948 2581 1030 2642 quae
1065 2563 1114 2627 in-

104 2649 224 2713 seritur
256 2649 340 2712 inter
371 2650 524 2715 oortioem
557 2671 646 2714 more
678 2671 862 2733 pomorum,
895 2647 980 2712 siout
1014 2671 1114 2735 supra

103 2736 303 2802 dictumest.
341 2738 395 2802 sed
414 2742 451 2802 ut
470 2738 611 2803 oleastro
631 2739 764 2816 inseras,
784 2742 897 2803 eontra
915 2736 1006 2822 illud,
1026 2740 1114 2824 quod

176 2919 190 2964 1
210 2911 256 2965 ΕΤ
275 2910 476 2966 DISCIPLINA
493 2910 575 2965 EIVS
594 2929 643 2966 om.
658 2913 690 2967 Ε
709 2915 719 2982 l
743 2918 757 2965 2
781 2911 872 2981 Aprili
895 2927 990 2965 mense
1010 2929 1088 2983 eope

104 2982 205 3037 inartis
226 2983 252 3037 G
267 2983 271 3050 Ι
288 2981 408 3036 diximus
428 2983 494 3035 ante
512 2983 614 3037 debere
632 2982 794 3054 praeparari
809 2984 882 3052 pss‘o
901 2981 1044 3036 medicina
1060 2985 1088 3038 L

106 3053 189 3108 simul
203 3056 214 3108 a'
228 3057 267 3124 Ill
286 3055 316 3106 et
329 3071 378 3108 om.
394 3053 481 3123 Eops
497 3055 500 3122 Ι
516 3052 546 3106 iu
565 3054 661 3108 decem
674 3056 702 3109 L
715 3056 753 3123 117
773 3053 885 3107 abunde
899 3070 949 3108 om.
964 3072 983 3123 p
1000 3056 1004 3123 Ι
1021 3055 1115 3122 quiat1

105 3125 220 3196 PLQS
226 3127 255 3193 T,
275 3123 331 3192 qui.
352 3123 438 3178 aoiati
457 3124 488 3191 V,
507 3125 587 3192 quati
607 3126 641 3194 G,
661 3124 728 3179 elati
746 3124 778 3178 Ε
793 3126 802 3193 ΙΙ
823 3130 838 3177 8
856 3124 976 3194 pedibus
994 3125 1034 3179 Vl
1048 3129 1089 3195 pi
1109 3126 1112 3198 l

103 3196 223 3265 pedibus
234 3202 296 3266 post
309 3195 424 3265 longum
438 3211 487 3248 om.
503 3197 536 3265 ll
551 3202 566 3249 9
580 3195 717 3251 rastrellis
732 3196 763 3249 Ε
774 3197 783 3264 u
799 3201 831 3249 10
846 3195 967 3250 soleam.
986 3195 1009 3266 Q
1025 3199 1029 3267 l
1046 3197 1116 3252 Post

106 3267 243 3321 sationem
262 3282 327 3320 uero
346 3266 419 3320 ferro
434 3267 464 3319 Ε
476 3269 485 3336 ΙΙ
500 3271 532 3319 13
551 3267 654 3321 mensis
668 3269 694 3321 L
704 3267 747 3336 V}
764 3267 813 3320 fiet
826 3284 903 3337 aops
919 3268 927 3339 I*
939 3283 1035 3320 semen
1054 3268 1115 3322 eius

106 3352 163 3392 exo.
173 3339 205 3393 Ε
216 3341 225 3408 ΙΙ
240 3344 272 3391 17
287 3337 343 3391 Vbi
358 3337 436 3407 epius
451 3337 555 3391 securis
565 3340 601 3407 E,
617 3336 705 3391 seruis
715 3355 768 3406 pro
783 3337 903 3392 secueris
909 3356 931 3406 p
944 3339 953 3406 ll
968 3343 1001 3390 18
1015 3338 1115 3394 fructi·

105 3407 189 3462 fioare
211 3409 317 3475 ΒΕΘ,
340 3408 493 3463 frutifioare
515 3411 596 3479 ll19
624 3411 754 3463 truncato
777 3408 872 3533 abita
896 3411 928 3462 ut
950 3407 1039 3462 sexies
1058 3412 1114 3534 Ei

105 3480 195 3532 metas
214 3481 251 3546 Ε,
270 3478 352 3532 metis
370 3481 450 3535 ceteri
471 3482 481 3549 l
504 3486 537 3534 20
555 3480 649 3550 potuit
666 3482 692 3534 L
715 3482 724 3549 ΙΙ
748 3486 779 3533 21
824 3481 847 3534 Ε
867 3479 977 3533 OLIVA
995 3480 1044 3549 ΕΙ
1067 3481 1089 3534 Ε

97 3547 240 3605 oswal
261 3565 312 3604 om.
327 3550 417 3608 Elac
429 3554 439 3625 ΙΙ
454 3556 487 3605 22
506 3550 639 3606 inseritur
658 3552 686 3605 Ε
698 3553 756 3621 IIII
775 3568 829 3620 quo
851 3551 874 3621 Q
