2378 3832
133 188 198 251 242
555 187 724 240 Pannnnn

135 338 305 399 castaneae
334 333 373 416 ad
400 334 584 416 ponendum
612 337 772 417 recentes,
801 333 952 418 grandes,
980 337 1145 398 maturae:

136 422 268 506 quassi
295 421 465 485 nonembri
494 444 602 486 mense
630 443 803 506 ponamus,
829 421 961 486 facilem
990 443 1025 486 aa
1053 444 1145 506 prae-

84 514 124 578 18
137 511 242 576 sentia
265 510 390 574 fructus
415 509 517 594 ipsius
535 515 689 594 praestat.
723 512 751 574 si
769 532 847 575 uero
862 510 1028 575 februario
1047 532 1145 594 pone

135 622 216 684 mus,
239 603 276 664 ut
299 620 401 682 usque
425 604 503 663 tunc
526 600 629 680 duret,
653 600 701 664 ita
723 598 906 664 faciendum
925 603 983 663 est.
1017 599 1053 662 in
1074 622 1143 664 um·

135 690 194 753 bra
218 692 386 752 castaneae
410 688 570 753 siccentur
594 709 760 771 expansae.
806 690 884 753 tunc
906 688 940 751 in
964 692 1144 774 angustum
1169 713 1180 753 s

135 782 168 841 et
192 777 314 842 siccum
343 775 451 840 locum
475 777 652 840 translatae
683 777 847 841 cumulum
874 776 996 841 faciant
1025 781 1059 841 et
1089 798 1144 841 eas

135 887 246 929 omnes
274 865 415 929 fluuialis
443 866 565 929 harena
593 865 764 950 diligenter
793 865 927 949 operiat.
972 870 1051 949 post
1075 865 1143 930 dics

135 955 274 1040 triginta
297 976 350 1018 eas
374 959 500 1018 remota
521 953 642 1018 harena
664 955 699 1017 in
718 976 835 1038 aquam
853 953 1009 1039 frigidam
1027 955 1144 1019 mittis.

135 1065 217 1129 quae
241 1065 337 1107 sanae
357 1047 441 1127 sunt,
466 1045 671 1127 merguntur:
694 1047 894 1128 supernatat,
917 1065 1143 1128 quaecumque

134 1135 252 1197 uexata
280 1136 339 1195 est.
384 1132 464 1196 item
493 1153 573 1215 quas
601 1132 762 1216 probasti,
794 1130 944 1196 similiter
971 1132 1086 1196 obruis
1109 1138 1182 1197 etro

134 1224 210 1305 post
232 1219 370 1305 triginta
393 1220 460 1284 dies
481 1242 581 1303 aeque
604 1221 733 1304 probas.
769 1221 832 1286 hoc
851 1242 924 1285 cum
943 1222 1042 1286 tertio
1062 1220 1144 1287 fece·

133 1311 188 1394 ris,
211 1331 313 1393 usque
336 1310 376 1373 ad
394 1309 481 1373 ueris
504 1307 636 1372 initium
654 1331 760 1374 serere
779 1309 920 1392 debebis,
945 1331 1027 1393 quae
1051 1331 1144 1374 man·

83 1400 124 1465 19
135 1399 237 1462 serint
269 1398 433 1462 inlibatae.
487 1397 589 1481 aliqui
618 1398 652 1461 in
684 1397 825 1463 uasculis
857 1402 989 1462 seruant
1019 1398 1144 1463 harena

134 1488 257 1570 pariter
281 1487 388 1551 missa.
435 1488 546 1551 amant
575 1487 681 1550 solum
707 1487 805 1551 molle
834 1490 866 1550 et
889 1487 1048 1571 solutum,
1076 1509 1143 1552 non

135 1579 243 1639 tamen
260 1575 472 1642 harenosum.
519 1577 553 1638 in
580 1575 734 1639 sabulone
761 1576 972 1660 proueniunt,
999 1576 1057 1640 sed
1084 1577 1142 1642 hu·
1158 1600 1182 1641 15

135 1667 250 1728 mecto.
296 1664 390 1749 nigra
418 1669 505 1728 terra
532 1663 597 1727 illis
627 1667 703 1747 apta
731 1668 781 1728 est
808 1668 841 1727 et
869 1665 1087 1729 carbunculus
1111 1671 1144 1729 et

135 1752 223 1816 tofus
246 1750 419 1835 diligenter
442 1752 608 1819 infractus.
653 1753 688 1816 in
712 1751 816 1836 spisso
845 1773 924 1838 agro
953 1758 987 1816 et
1011 1753 1145 1819 rubrica

135 1840 190 1905 nix
217 1840 379 1924 prouenit:
407 1841 442 1904 in
470 1841 587 1926 argilla
613 1845 647 1905 et
676 1841 786 1926 glarea
811 1863 877 1906 non
905 1845 1015 1923 potest
1041 1843 1145 1908 nasci.

134 1928 244 2014 diligit
275 1930 355 1994 caeli
385 1932 507 1993 statum
539 1929 708 2014 frigidum,
743 1931 798 1994 sed
833 1934 866 1993 et
899 1930 1047 2014 tepidum
1077 1952 1144 1996 non

134 2023 271 2103 recusat,
291 2019 319 2082 si
337 2019 454 2083 humor
473 2017 661 2083 adsenserit.
698 2019 876 2083 delectatur
894 2018 989 2083 clinis
1008 2022 1042 2084 et
1065 2042 1144 2104 opa-
1159 2046 1186 2083 ao

136 2109 183 2172 cis
213 2107 401 2192 regionibus
433 2129 470 2172 ac
498 2108 636 2171 maxime
666 2107 701 2171 in
731 2107 996 2191 septemtrionem
1027 2109 1143 2174 uersis.

81 2195 292 2282 ‘repastinari
329 2218 406 2281 ergo
443 2197 533 2261 locus
566 2196 713 2276 debebit,
753 2196 807 2279 qui
844 2196 920 2261 huic
957 2195 1145 2263 destinatur

135 2286 282 2369 arbust0,
315 2286 486 2350 altitudine
519 2285 609 2368 pedis
642 2286 738 2348 unius
780 2285 877 2349 semis
917 2286 969 2349 uel
1003 2286 1145 2351 duorum

134 2375 187 2437 uel
210 2377 300 2439 totus
329 2379 386 2438 aut
414 2373 512 2438 sulcis
540 2373 575 2437 in
603 2373 747 2439 ordinem
777 2373 949 2437 destinatis
972 2378 1030 2437 aut
1054 2380 1145 2440 certe

135 2463 253 2526 aratris
277 2463 397 2527 resolui
424 2463 500 2527 hinc
528 2463 601 2526 inde
624 2462 834 2526 findentibus:
864 2463 919 2547 qui
942 2462 1019 2527 fimo
1044 2463 1144 2528 satia·
1159 2489 1186 2529 aa

134 2553 244 2614 tusae
267 2552 415 2616 redactus
439 2551 473 2615 in
497 2552 664 2634 puluerem
683 2555 907 2615 castanearum
927 2572 1038 2615 semen
1063 2554 1146 2618 acci·

81 2639 122 2704 21
135 2638 205 2723 piat
227 2662 292 2704 non
316 2640 454 2723 amplius
482 2640 573 2723 pedis
597 2640 754 2704 dodrante
782 2640 971 2704 demersum.
1018 2642 1144 2707 unicui·

135 2749 196 2812 que
221 2729 334 2792 semini
358 2732 492 2812 propter
513 2731 624 2792 notam
643 2729 789 2793 surculus
810 2729 905 2792 debet
924 2729 1031 2813 adfigi.
1070 2731 1146 2814 ipsa

206 2979 219 3025 1
242 2973 278 3025 ad
292 2972 471 3040 serendump
486 2974 490 3043 Ι
506 2975 631 3026 recentes
650 2989 699 3026 om.
715 2973 746 3025 Ε
757 2975 766 3042 ΙΙ
780 2979 795 3025 2
810 2989 945 3043 ponemus
963 2973 996 3041 G,
1016 2989 1144 3028 seramus

134 3046 226 3114 iocps
255 3047 259 3113 Ι
288 3043 400 3097 facilem
420 3059 484 3111 sepe
507 3045 652 3111 praestant
673 3047 752 3111 (ras.)
771 3044 899 3097 fructum.
919 3043 948 3096 Si
967 3045 994 3098 V
1022 3047 1026 3116 Ι
1062 3063 1143 3115 prae·

134 3114 225 3169 sentia
243 3131 292 3168 om.
309 3132 331 3183 p
362 3117 371 3183 ΙΙ
402 3121 418 3166 3
438 3130 503 3167 uero
522 3131 571 3167 om.
594 3115 619 3168 G
639 3117 643 3184 Ι
663 3114 791 3183 ponimus
812 3116 846 3184 G,
864 3130 1001 3184 ponamus
1019 3118 1114 3188 iacps
1134 3119 1143 3187 ΙΙ

135 3194 152 3239 4
171 3186 272 3239 durent
285 3187 349 3240 Eic
376 3203 389 3239 s
402 3188 411 3254 ΙΙ
425 3191 441 3238 6
461 3185 673 3253 cumulataeque
683 3185 834 3255 diligenter
847 3185 957 3239 fluuiali
976 3203 1063 3241 arena
1078 3205 1141 3257 ope·

134 3257 279 3325 rianturp
313 3259 316 3325 Ι
350 3204 458 3309 deiciunt
472 3272 561 3310 omues
578 3264 684 3325 practer
701 3258 732 3310 E
761 3260 770 3327 ΙΙ
802 3263 817 3310 8
841 3257 870 3310 in
888 3274 962 3325 aqua
979 3257 1116 3328 frigidai
1136 3262 1142 3385 Ι

136 3334 168 3381 10
188 3330 290 3381 uexata
309 3329 374 3380 sunt
394 3327 420 3381 G
453 3328 456 3395 Ι
491 3327 590 3381 obrues
610 3344 699 3382 omncs
730 3331 738 3396 ΙΙ
771 3334 802 3381 11
826 3327 928 3382 iterum
950 3329 1137 3398 probatisp,

136 3403 168 3451 17
187 3398 288 3467 tophus
307 3400 355 3468 ΕΙ
376 3397 535 3452 rubricoE
553 3401 562 3467 ΙΙ
584 3404 616 3452 19
636 3398 759 3469 diligunt
773 3418 794 3468 p
816 3402 820 3469 Ι
844 3403 940 3454 stom.
962 3400 988 3454 G
1008 3403 1017 3470 ΙΙ
1040 3407 1074 3453 22
1094 3400 1137 3452 de

126 3468 251 3523 str'rretur
271 3470 299 3525 G
308 3473 322 3542 ΙΙ
336 3476 369 3525 23
388 3468 471 3525 unius
491 3472 520 3525 et
537 3471 621 3524 semis
641 3471 669 3524 E
680 3472 693 3539 ΙΙ
704 3476 739 3523 24
756 3470 844 3533 totius
864 3471 902 3538 G,
926 3470 972 3524 uel
995 3473 1071 3525 totus
1090 3473 1137 3524 aut

113 3553 165 3592 om.
180 3544 231 3612 pl
248 3542 293 3597 uel
315 3543 405 3600 sulcis
425 3547 461 3618 εΙΙ
476 3551 509 3600 27
530 3543 620 3618 pedes
641 3543 678 3612 L,
691 3541 801 3612 pedum
816 3541 857 3606 E,
870 3542 962 3594 oran
