2378 3832
332 691 478 764 LIBER
504 691 811 765 DVODEOIMVS

533 826 614 882 SIVE

292 935 503 1003 MENSIS
529 935 849 1003 NOVIIMBER.

487 1181 654 1237 TITVLI.

134 1293 149 1359 Ι
182 1294 232 1359 De
262 1293 389 1358 sabione
420 1292 537 1376 tritici,
569 1291 680 1376 farris,
714 1292 843 1378 hordei,
876 1291 973 1358 fabae
1005 1314 1078 1358 cum
1108 1319 1113 1358 s

182 1382 366 1484 disciplina,
389 1381 428 1445 de
449 1381 607 1446 lenticula
629 1385 755 1446 mature
779 1380 928 1465 serenda,
957 1381 997 1446 de
1018 1382 1075 1446 lini

182 1493 315 1537 semine.

115 1559 148 1624 Π
180 1560 230 1625 De
256 1559 362 1643 pratis
389 1558 484 1622 nouis
512 1557 738 1643 instituendis,
766 1557 925 1643 ponendis
954 1558 1071 1624 uiribus

182 1652 215 1712 et
245 1647 466 1732 propagandis
496 1651 530 1711 et
559 1646 840 1713 circumfodiendis
872 1646 1013 1712 nouellis
1038 1669 1071 1712 ao

182 1734 362 1802 recidendis
385 1735 515 1821 mergis.
1080 1759 1099 1798 ro

95 1825 147 1890 III
177 1825 227 1890 De
250 1824 346 1889 uinea
368 1823 471 1888 ueteri
493 1823 528 1888 in
551 1823 629 1910 iugo
653 1825 706 1888 uel
727 1824 866 1910 pergula
888 1825 1069 1910 reparanda.

81 1914 149 1980 IIII
181 1913 230 1979 De
252 1912 405 1998 putandis
433 1912 557 1978 uibibus
585 1916 619 1978 et
648 1912 821 1978 arboribus
848 1913 930 1979 locis
959 1914 1070 1999 tepidis

182 2008 216 2068 et
239 2002 371 2068 oliuebis
395 2006 429 2066 eb
451 2001 598 2067 faciendo
623 2003 702 2068 oleo.

117 2093 149 2160 V
180 2093 230 2158 De
253 2091 384 2157 oliuebis
408 2090 565 2174 ponendis
588 2094 623 2154 et
645 2091 794 2156 curandis
822 2092 930 2177 aegris
954 2092 1070 2158 arbori-

179 2181 250 2265 bus,
275 2180 440 2263 corbibus,
462 2179 561 2263 palis‚
583 2178 693 2244 ridiois
716 2179 887 2264 faciendis,
914 2180 987 2247 oleo
1011 2182 1100 2246 lau-1⁵

181 2271 253 2334 rino
276 2268 435 2333 faciendo.

100 2357 149 2423 VI
180 2357 230 2422 De
248 2356 366 2422 hortis:
386 2357 421 2420 in
439 2378 478 2423 eo
498 2357 536 2421 de
556 2356 643 2442 allio,
665 2356 773 2441 ulpico
792 2379 867 2423 cum
886 2358 1073 2443 disciplinis,

180 2446 219 2510 de
244 2446 378 2529 oepullis
401 2450 435 2510 eb
457 2445 579 2530 plantis
603 2445 805 2530 carduorum,
828 2447 868 2510 da
891 2468 1073 2514 armoracoa

181 2538 216 2598 et
239 2534 361 2599 cunela.

82 2623 148 2689 VII
182 2622 230 2687 De
253 2623 373 2707 pomis:
396 2623 430 2686 in
449 2644 486 2687 eo
506 2624 545 2687 de
563 2623 699 2708 persico,
722 2623 760 2688 de
783 2624 871 2708 pinu,
894 2624 934 2688 de
953 2625 1105 2708 prunis,s

180 2713 220 2776 de
249 2710 411 2777 castaneis
435 2711 620 2776 cumomni
648 2711 819 2796 disciplina
846 2715 881 2777 eb
907 2712 947 2778 de
970 2716 1072 2798 pomis

181 2801 320 2865 aliorum
344 2821 498 2864 mensum.

64 2889 145 2956 VIII
177 2889 227 2955 De
256 2889 384 2973 apibus:
411 2889 446 2952 in
474 2911 512 2954 eo
541 2888 579 2953 de
607 2889 799 2955 mundandis
828 2912 865 2954 ao
893 2891 1073 2957 muniendis

181 2978 297 3044 eastris
321 2998 439 3042 earum.

137 3158 150 3204 1
171 3151 529 3205 LIBER-NOVEMBER
552 3169 601 3207 om.
626 3153 701 3207 codd.
725 3155 734 3221 ΙΙ
757 3159 774 3206 4
797 3151 919 3206 TITVLI
943 3153 1073 3207 MENSIS

65 3222 276 3276 NOVEMBRIS
295 3224 398 3278 codices
415 3229 440 3277 et
461 3223 496 3276 ia
521 3239 548 3292 s,
571 3222 817 3277 TITVLI-horis
836 3240 885 3278 om.
906 3240 920 3277 c
940 3227 950 3305 fl
968 3230 984 3278 ὁ
1004 3224 1073 3278 IDe

65 3293 286 3349 sabione—horis
305 3311 355 3348 om.
376 3294 406 3346 E
426 3296 436 3362 I
448 3299 475 3373 Ι6
495 3240 644 3363 disciplina
663 3311 714 3348 sua
731 3296 767 3348 ic
784 3299 793 3361 11
816 3300 848 3347 16
867 3294 1002 3349 ourbrbus
1022 3295 1072 3367 01

63 3363 168 3417 radicis
181 3366 240 3419 PL
250 3365 349 3433 VGT,
368 3363 469 3418 redicls
484 3364 528 3434 SI
541 3371 574 3418 20
596 3365 631 3418 de
651 3364 747 3434 prunis
769 3367 798 3418 ab
818 3363 908 3434 pomis
922 3367 950 3420 L
964 3369 973 3436 ss
988 3372 1020 3420 21
1041 3366 1073 3419 da

51 3435 185 3492 omt'ttum
203 3454 298 3494 omnes
310 3440 320 3511 u
335 3444 370 3493 22
385 3455 538 3494 mensuum
556 3437 594 3505 G,
608 3434 751 3490 mensium
767 3435 891 3501 SEooa.
