<?xml version="1.0" encoding="UTF-8"?>
<!DOCTYPE html PUBLIC "-//W3C//DTD XHTML 1.0 Transitional//EN"
    "http://www.w3.org/TR/xhtml1/DTD/xhtml1-transitional.dtd">
<html xmlns="http://www.w3.org/1999/xhtml" xml:lang="en" lang="en">
 <head>
  <title>
</title>
<meta http-equiv="Content-Type" content="text/html;charset=utf-8" />
  <meta name='ocr-system' content='tesseract 3.04.00' />
  <meta name='ocr-capabilities' content='ocr_page ocr_carea ocr_par ocr_line ocrx_word'/>
</head>
<body>
  <div class='ocr_page' id='page_1' title='image "./palladiirutilii00pallgoog_0206.png"; bbox 0 0 2378 3832; ppageno 0'>
   <div class='ocr_carea' id='block_1_1' title="bbox 433 157 728 213">
    <p class='ocr_par' dir='ltr' id='par_1_1' title="bbox 433 157 728 213">
     <span class='ocr_line' id='line_1_1' title="bbox 433 157 728 213; baseline 0 -1"><span class='ocrx_word' id='word_1_1' title='bbox 433 157 549 213; x_wconf 73' lang='lat' dir='ltr'>Aemo.</span> <span class='ocrx_word' id='word_1_2' title='bbox 564 157 628 212; x_wconf 89' lang='lat' dir='ltr'>VIII</span> <span class='ocrx_word' id='word_1_3' title='bbox 642 164 728 212; x_wconf 86' lang='grc'>6-10</span> 
     </span>
    </p>
   </div>
   <div class='ocr_carea' id='block_1_2' title="bbox 324 354 836 422">
    <p class='ocr_par' dir='ltr' id='par_1_2' title="bbox 324 354 836 422">
     <span class='ocr_line' id='line_1_2' title="bbox 324 354 836 422; baseline 0 0"><span class='ocrx_word' id='word_1_4' title='bbox 324 356 383 422; x_wconf 80' lang='grc' dir='ltr'><strong><em>ΒΕ</em></strong></span> <span class='ocrx_word' id='word_1_5' title='bbox 407 354 549 422; x_wconf 83' lang='grc' dir='ltr'><strong><em>ΑΟΕΤΟ</em></strong></span> <span class='ocrx_word' id='word_1_6' title='bbox 575 354 836 422; x_wconf 77' lang='lat' dir='ltr'>SGILLETIOO.</span> 
     </span>
    </p>
   </div>
   <div class='ocr_carea' id='block_1_3' title="bbox 37 478 1133 1433">
    <p class='ocr_par' dir='ltr' id='par_1_3' title="bbox 37 478 1133 1433">
     <span class='ocr_line' id='line_1_3' title="bbox 142 478 1133 565; baseline -0.005 -17"><span class='ocrx_word' id='word_1_7' title='bbox 142 481 261 548; x_wconf 82' lang='lat' dir='ltr'>Scillae</span> <span class='ocrx_word' id='word_1_8' title='bbox 290 480 381 545; x_wconf 82' lang='lat' dir='ltr'>albae</span> <span class='ocrx_word' id='word_1_9' title='bbox 411 482 527 546; x_wconf 88' lang='lat' dir='ltr'>crudae</span> <span class='ocrx_word' id='word_1_10' title='bbox 555 480 707 565; x_wconf 88' lang='lat' dir='ltr'>proiectis</span> <span class='ocrx_word' id='word_1_11' title='bbox 735 480 823 545; x_wconf 89' lang='lat' dir='ltr'>duris</span> <span class='ocrx_word' id='word_1_12' title='bbox 852 484 949 564; x_wconf 86' lang='lat' dir='ltr'>atque</span> <span class='ocrx_word' id='word_1_13' title='bbox 973 501 1024 544; x_wconf 86' lang='lat' dir='ltr'>ex·</span> <span class='ocrx_word' id='word_1_14' title='bbox 1052 478 1133 545; x_wconf 89' lang='lat' dir='ltr'>VIII</span> 
     </span>
     <span class='ocr_line' id='line_1_4' title="bbox 78 568 1080 654; baseline -0.003 -18"><span class='ocrx_word' id='word_1_15' title='bbox 78 572 239 637; x_wconf 79' lang='lat' dir='ltr'>trinsecus</span> <span class='ocrx_word' id='word_1_16' title='bbox 274 569 393 654; x_wconf 89' lang='lat' dir='ltr'>positis</span> <span class='ocrx_word' id='word_1_17' title='bbox 430 570 579 634; x_wconf 87' lang='lat' dir='ltr'>omnibus</span> <span class='ocrx_word' id='word_1_18' title='bbox 616 573 760 633; x_wconf 86' lang='lat' dir='ltr'>teneram</span> <span class='ocrx_word' id='word_1_19' title='bbox 796 568 1003 633; x_wconf 85' lang='lat' dir='ltr'>medietatem</span> <span class='ocrx_word' id='word_1_20' title='bbox 1040 569 1080 633; x_wconf 91' lang='lat' dir='ltr'>ad</span> 
     </span>
     <span class='ocr_line' id='line_1_5' title="bbox 77 658 1081 742; baseline -0.003 -17"><span class='ocrx_word' id='word_1_21' title='bbox 77 661 196 725; x_wconf 90' lang='lat' dir='ltr'>libram</span> <span class='ocrx_word' id='word_1_22' title='bbox 219 663 252 724; x_wconf 86' lang='lat' dir='ltr'>et</span> <span class='ocrx_word' id='word_1_23' title='bbox 275 680 332 724; x_wconf 86' lang='lat' dir='ltr'>sex</span> <span class='ocrx_word' id='word_1_24' title='bbox 354 659 466 723; x_wconf 89' lang='lat' dir='ltr'>uncias</span> <span class='ocrx_word' id='word_1_25' title='bbox 488 678 547 742; x_wconf 89' lang='lat' dir='ltr'>per</span> <span class='ocrx_word' id='word_1_26' title='bbox 565 658 707 722; x_wconf 88' lang='lat' dir='ltr'>minutas</span> <span class='ocrx_word' id='word_1_27' title='bbox 725 661 835 742; x_wconf 88' lang='lat' dir='ltr'>partes</span> <span class='ocrx_word' id='word_1_28' title='bbox 854 658 976 723; x_wconf 77' lang='lat' dir='ltr'>recides</span> <span class='ocrx_word' id='word_1_29' title='bbox 996 659 1081 723; x_wconf 91' lang='lat' dir='ltr'>etin</span> 
     </span>
     <span class='ocr_line' id='line_1_6' title="bbox 53 746 1080 832; baseline -0.003 -18"><span class='ocrx_word' id='word_1_30' title='bbox 53 749 161 815; x_wconf 79' lang='lat' dir='ltr'>saceti</span> <span class='ocrx_word' id='word_1_31' title='bbox 185 746 333 813; x_wconf 80' lang='lat' dir='ltr'>acerrimi</span> <span class='ocrx_word' id='word_1_32' title='bbox 357 746 525 812; x_wconf 80' lang='lat' dir='ltr'>duodecim</span> <span class='ocrx_word' id='word_1_33' title='bbox 547 746 696 811; x_wconf 77' lang='lat' dir='ltr'>sextariis</span> <span class='ocrx_word' id='word_1_34' title='bbox 720 767 855 832; x_wconf 83' lang='lat' dir='ltr'>merges.</span> <span class='ocrx_word' id='word_1_35' title='bbox 893 769 951 811; x_wconf 89' lang='lat' dir='ltr'>uas</span> <span class='ocrx_word' id='word_1_36' title='bbox 975 747 1080 832; x_wconf 84' lang='lat' dir='ltr'>signa·</span> 
     </span>
     <span class='ocr_line' id='line_1_7' title="bbox 76 833 1080 921; baseline -0.002 -19"><span class='ocrx_word' id='word_1_37' title='bbox 76 842 148 903; x_wconf 90' lang='lat' dir='ltr'>tum</span> <span class='ocrx_word' id='word_1_38' title='bbox 171 838 293 921; x_wconf 85' lang='lat' dir='ltr'>quadra</span> <span class='ocrx_word' id='word_1_39' title='bbox 316 834 385 900; x_wconf 87' lang='lat' dir='ltr'>inta</span> <span class='ocrx_word' id='word_1_40' title='bbox 408 834 521 900; x_wconf 89' lang='lat' dir='ltr'>diebus</span> <span class='ocrx_word' id='word_1_41' title='bbox 543 833 677 919; x_wconf 87' lang='lat' dir='ltr'>patieris</span> <span class='ocrx_word' id='word_1_42' title='bbox 702 857 772 899; x_wconf 90' lang='lat' dir='ltr'>esse</span> <span class='ocrx_word' id='word_1_43' title='bbox 796 836 856 899; x_wconf 89' lang='lat' dir='ltr'>sub</span> <span class='ocrx_word' id='word_1_44' title='bbox 883 835 959 900; x_wconf 90' lang='lat' dir='ltr'>sole.</span> <span class='ocrx_word' id='word_1_45' title='bbox 1004 840 1080 920; x_wconf 88' lang='lat' dir='ltr'>post</span> 
     </span>
     <span class='ocr_line' id='line_1_8' title="bbox 75 856 1079 1009; baseline -0.002 -18"><span class='ocrx_word' id='word_1_46' title='bbox 75 928 203 991; x_wconf 89' lang='lat' dir='ltr'>abiecta</span> <span class='ocrx_word' id='word_1_47' title='bbox 222 856 340 1009; x_wconf 71' lang='lat' dir='ltr'>squilla</span> <span class='ocrx_word' id='word_1_48' title='bbox 359 928 486 989; x_wconf 89' lang='lat' dir='ltr'>acetum</span> <span class='ocrx_word' id='word_1_49' title='bbox 504 923 694 1009; x_wconf 79' lang='lat' dir='ltr'>diligentius</span> <span class='ocrx_word' id='word_1_50' title='bbox 713 924 875 988; x_wconf 86' lang='lat' dir='ltr'>excolabis</span> <span class='ocrx_word' id='word_1_51' title='bbox 894 929 927 988; x_wconf 89' lang='lat' dir='ltr'>et</span> <span class='ocrx_word' id='word_1_52' title='bbox 945 925 980 987; x_wconf 91' lang='lat' dir='ltr'>in</span> <span class='ocrx_word' id='word_1_53' title='bbox 998 925 1079 989; x_wconf 88' lang='lat' dir='ltr'>bene</span> 
     </span>
     <span class='ocr_line' id='line_1_9' title="bbox 73 1011 1123 1099; baseline 0 -21"><span class='ocrx_word' id='word_1_54' title='bbox 73 1015 184 1099; x_wconf 87' lang='lat' dir='ltr'>picata</span> <span class='ocrx_word' id='word_1_55' title='bbox 210 1035 290 1078; x_wconf 89' lang='lat' dir='ltr'>uasa</span> <span class='ocrx_word' id='word_1_56' title='bbox 318 1013 531 1078; x_wconf 81' lang='lat' dir='ltr'>transfundes.</span> <span class='ocrx_word' id='word_1_57' title='bbox 576 1011 663 1076; x_wconf 91' lang='lat' dir='ltr'>aliud</span> <span class='ocrx_word' id='word_1_58' title='bbox 692 1015 818 1076; x_wconf 85' lang='lat' dir='ltr'>acetum</span> <span class='ocrx_word' id='word_1_59' title='bbox 847 1012 1022 1097; x_wconf 75' lang='lat' dir='ltr'>digestioni</span> <span class='ocrx_word' id='word_1_60' title='bbox 1045 1014 1123 1079; x_wconf 74' lang='lat' dir='ltr'>ere</span> 
     </span>
     <span class='ocr_line' id='line_1_10' title="bbox 75 1101 1080 1186; baseline -0.003 -18"><span class='ocrx_word' id='word_1_61' title='bbox 75 1103 177 1168; x_wconf 87' lang='lat' dir='ltr'>saluti</span> <span class='ocrx_word' id='word_1_62' title='bbox 213 1103 463 1168; x_wconf 87' lang='lat' dir='ltr'>accommodum.</span> <span class='ocrx_word' id='word_1_63' title='bbox 509 1101 644 1185; x_wconf 88' lang='lat' dir='ltr'>squillae</span> <span class='ocrx_word' id='word_1_64' title='bbox 682 1101 832 1186; x_wconf 82' lang='lat' dir='ltr'>dragmas</span> <span class='ocrx_word' id='word_1_65' title='bbox 870 1105 957 1179; x_wconf 86' lang='lat' dir='ltr'>octe,</span> <span class='ocrx_word' id='word_1_66' title='bbox 996 1103 1080 1166; x_wconf 92' lang='lat' dir='ltr'>aceti</span> 
     </span>
     <span class='ocr_line' id='line_1_11' title="bbox 37 1189 1080 1277; baseline -0.004 -20"><span class='ocrx_word' id='word_1_67' title='bbox 37 1217 62 1258; x_wconf 85' lang='lat'>10</span> <span class='ocrx_word' id='word_1_68' title='bbox 75 1191 236 1256; x_wconf 76' lang='lat' dir='ltr'>sextarios</span> <span class='ocrx_word' id='word_1_69' title='bbox 258 1190 396 1277; x_wconf 80' lang='lat' dir='ltr'>triginta</span> <span class='ocrx_word' id='word_1_70' title='bbox 418 1191 530 1255; x_wconf 87' lang='lat' dir='ltr'>mittes</span> <span class='ocrx_word' id='word_1_71' title='bbox 553 1190 588 1253; x_wconf 92' lang='lat' dir='ltr'>in</span> <span class='ocrx_word' id='word_1_72' title='bbox 608 1190 741 1254; x_wconf 89' lang='lat' dir='ltr'>uasculo</span> <span class='ocrx_word' id='word_1_73' title='bbox 761 1194 793 1254; x_wconf 87' lang='lat' dir='ltr'>et</span> <span class='ocrx_word' id='word_1_74' title='bbox 811 1189 931 1273; x_wconf 87' lang='lat' dir='ltr'>piperis</span> <span class='ocrx_word' id='word_1_75' title='bbox 950 1189 1080 1253; x_wconf 90' lang='lat' dir='ltr'>unciam</span> 
     </span>
     <span class='ocr_line' id='line_1_12' title="bbox 73 1278 1079 1362; baseline -0.002 -18"><span class='ocrx_word' id='word_1_76' title='bbox 73 1302 187 1362; x_wconf 89' lang='lat' dir='ltr'>unam,</span> <span class='ocrx_word' id='word_1_77' title='bbox 215 1286 341 1344; x_wconf 83' lang='lat' dir='ltr'>mentae</span> <span class='ocrx_word' id='word_1_78' title='bbox 369 1283 402 1344; x_wconf 88' lang='lat' dir='ltr'>et</span> <span class='ocrx_word' id='word_1_79' title='bbox 429 1279 533 1344; x_wconf 88' lang='lat' dir='ltr'>casiae</span> <span class='ocrx_word' id='word_1_80' title='bbox 562 1278 764 1362; x_wconf 89' lang='lat' dir='ltr'>aliquantum</span> <span class='ocrx_word' id='word_1_81' title='bbox 792 1282 825 1341; x_wconf 87' lang='lat' dir='ltr'>et</span> <span class='ocrx_word' id='word_1_82' title='bbox 852 1281 928 1361; x_wconf 88' lang='lat' dir='ltr'>post</span> <span class='ocrx_word' id='word_1_83' title='bbox 950 1281 1079 1362; x_wconf 87' lang='lat' dir='ltr'>tempus</span> 
     </span>
     <span class='ocr_line' id='line_1_13' title="bbox 73 1369 187 1433; baseline -0.009 0"><span class='ocrx_word' id='word_1_84' title='bbox 73 1369 187 1433; x_wconf 87' lang='lat' dir='ltr'>uteris.</span> 
     </span>
    </p>
   </div>
   <div class='ocr_carea' id='block_1_4' title="bbox 451 1505 706 1574">
    <p class='ocr_par' dir='ltr' id='par_1_4' title="bbox 451 1505 706 1574">
     <span class='ocr_line' id='line_1_14' title="bbox 451 1505 706 1574; baseline -0.004 -1"><span class='ocrx_word' id='word_1_85' title='bbox 451 1508 511 1573; x_wconf 80' lang='grc' dir='ltr'><strong><em>ΒΕ</em></strong></span> <span class='ocrx_word' id='word_1_86' title='bbox 536 1505 706 1574; x_wconf 81' lang='lat' dir='ltr'>SENAPI.</span> 
     </span>
    </p>
   </div>
   <div class='ocr_carea' id='block_1_5' title="bbox 34 1630 1133 1984">
    <p class='ocr_par' dir='ltr' id='par_1_5' title="bbox 34 1630 1133 1984">
     <span class='ocr_line' id='line_1_15' title="bbox 144 1630 1133 1717; baseline -0.003 -19"><span class='ocrx_word' id='word_1_87' title='bbox 144 1631 277 1717; x_wconf 83' lang='lat' dir='ltr'>Senapis</span> <span class='ocrx_word' id='word_1_88' title='bbox 306 1654 416 1697; x_wconf 90' lang='lat' dir='ltr'>semen</span> <span class='ocrx_word' id='word_1_89' title='bbox 441 1635 481 1697; x_wconf 89' lang='lat' dir='ltr'>ad</span> <span class='ocrx_word' id='word_1_90' title='bbox 509 1635 640 1698; x_wconf 90' lang='lat' dir='ltr'>modum</span> <span class='ocrx_word' id='word_1_91' title='bbox 669 1631 802 1698; x_wconf 86' lang='lat' dir='ltr'>sextarii</span> <span class='ocrx_word' id='word_1_92' title='bbox 831 1633 927 1697; x_wconf 88' lang='lat' dir='ltr'>unius</span> <span class='ocrx_word' id='word_1_93' title='bbox 957 1635 989 1696; x_wconf 85' lang='lat' dir='ltr'>et</span> <span class='ocrx_word' id='word_1_94' title='bbox 1034 1630 1133 1696; x_wconf 89' lang='lat' dir='ltr'>VIIII</span> 
     </span>
     <span class='ocr_line' id='line_1_16' title="bbox 34 1721 1079 1808; baseline -0.005 -17"><span class='ocrx_word' id='word_1_95' title='bbox 34 1751 60 1791; x_wconf 80' lang='grc' dir='ltr'>ιι</span> <span class='ocrx_word' id='word_1_96' title='bbox 76 1723 174 1788; x_wconf 91' lang='lat' dir='ltr'>semis</span> <span class='ocrx_word' id='word_1_97' title='bbox 198 1722 342 1808; x_wconf 81' lang='lat' dir='ltr'>redigere</span> <span class='ocrx_word' id='word_1_98' title='bbox 367 1721 494 1787; x_wconf 89' lang='lat' dir='ltr'>curabis</span> <span class='ocrx_word' id='word_1_99' title='bbox 517 1722 552 1786; x_wconf 88' lang='lat' dir='ltr'>in</span> <span class='ocrx_word' id='word_1_100' title='bbox 574 1723 750 1807; x_wconf 86' lang='lat' dir='ltr'>puluerem,</span> <span class='ocrx_word' id='word_1_101' title='bbox 774 1721 825 1788; x_wconf 91' lang='lat' dir='ltr'>cui</span> <span class='ocrx_word' id='word_1_102' title='bbox 847 1722 953 1786; x_wconf 89' lang='lat' dir='ltr'>mellis</span> <span class='ocrx_word' id='word_1_103' title='bbox 971 1721 1079 1805; x_wconf 87' lang='lat' dir='ltr'>pondo</span> 
     </span>
     <span class='ocr_line' id='line_1_17' title="bbox 76 1809 1080 1896; baseline -0.002 -21"><span class='ocrx_word' id='word_1_104' title='bbox 76 1812 231 1896; x_wconf 91' lang='lat' dir='ltr'>quinque,</span> <span class='ocrx_word' id='word_1_105' title='bbox 255 1811 318 1876; x_wconf 92' lang='lat' dir='ltr'>olei</span> <span class='ocrx_word' id='word_1_106' title='bbox 340 1809 468 1894; x_wconf 86' lang='lat' dir='ltr'>hispani</span> <span class='ocrx_word' id='word_1_107' title='bbox 491 1833 589 1875; x_wconf 88' lang='lat' dir='ltr'>unam</span> <span class='ocrx_word' id='word_1_108' title='bbox 611 1812 743 1894; x_wconf 89' lang='lat' dir='ltr'>libram,</span> <span class='ocrx_word' id='word_1_109' title='bbox 767 1811 849 1876; x_wconf 88' lang='lat' dir='ltr'>aceti</span> <span class='ocrx_word' id='word_1_110' title='bbox 874 1811 956 1875; x_wconf 92' lang='lat' dir='ltr'>acris</span> <span class='ocrx_word' id='word_1_111' title='bbox 980 1832 1080 1874; x_wconf 90' lang='lat' dir='ltr'>unum</span> 
     </span>
     <span class='ocr_line' id='line_1_18' title="bbox 75 1897 1080 1984; baseline -0.001 -20"><span class='ocrx_word' id='word_1_112' title='bbox 75 1899 253 1965; x_wconf 84' lang='lat' dir='ltr'>sextarium</span> <span class='ocrx_word' id='word_1_113' title='bbox 276 1898 427 1964; x_wconf 89' lang='lat' dir='ltr'>miscebis</span> <span class='ocrx_word' id='word_1_114' title='bbox 449 1904 481 1963; x_wconf 92' lang='lat' dir='ltr'>et</span> <span class='ocrx_word' id='word_1_115' title='bbox 500 1901 588 1965; x_wconf 89' lang='lat' dir='ltr'>tritis</span> <span class='ocrx_word' id='word_1_116' title='bbox 608 1900 758 1966; x_wconf 91' lang='lat' dir='ltr'>omnibus</span> <span class='ocrx_word' id='word_1_117' title='bbox 777 1899 950 1984; x_wconf 84' lang='lat' dir='ltr'>diligenter</span> <span class='ocrx_word' id='word_1_118' title='bbox 968 1897 1080 1963; x_wconf 89' lang='lat' dir='ltr'>uteris.</span> 
     </span>
    </p>
   </div>
   <div class='ocr_carea' id='block_1_6' title="bbox 465 2125 689 2195">
    <p class='ocr_par' dir='ltr' id='par_1_6' title="bbox 465 2125 689 2195">
     <span class='ocr_line' id='line_1_19' title="bbox 465 2125 689 2195; baseline -0.013 0"><span class='ocrx_word' id='word_1_119' title='bbox 465 2130 525 2195; x_wconf 83' lang='lat' dir='ltr'>DE</span> <span class='ocrx_word' id='word_1_120' title='bbox 549 2125 689 2194; x_wconf 86' lang='lat' dir='ltr'>HORIS.</span> 
     </span>
    </p>
   </div>
   <div class='ocr_carea' id='block_1_7' title="bbox 30 2249 1132 2427">
    <p class='ocr_par' dir='ltr' id='par_1_7' title="bbox 30 2249 1132 2427">
     <span class='ocr_line' id='line_1_20' title="bbox 140 2249 1132 2337; baseline -0.003 -20"><span class='ocrx_word' id='word_1_121' title='bbox 140 2251 215 2317; x_wconf 90' lang='lat' dir='ltr'>Iulii</span> <span class='ocrx_word' id='word_1_122' title='bbox 243 2257 276 2318; x_wconf 88' lang='lat' dir='ltr'>et</span> <span class='ocrx_word' id='word_1_123' title='bbox 302 2253 384 2319; x_wconf 91' lang='lat' dir='ltr'>iunii</span> <span class='ocrx_word' id='word_1_124' title='bbox 411 2255 508 2319; x_wconf 89' lang='lat' dir='ltr'>horas</span> <span class='ocrx_word' id='word_1_125' title='bbox 540 2275 599 2337; x_wconf 93' lang='lat' dir='ltr'>par</span> <span class='ocrx_word' id='word_1_126' title='bbox 631 2275 853 2317; x_wconf 87' lang='lat' dir='ltr'>mensurarum</span> <span class='ocrx_word' id='word_1_127' title='bbox 885 2253 970 2317; x_wconf 91' lang='lat' dir='ltr'>libra</span> <span class='ocrx_word' id='word_1_128' title='bbox 1001 2272 1074 2315; x_wconf 90' lang='lat' dir='ltr'>con·</span> <span class='ocrx_word' id='word_1_129' title='bbox 1101 2249 1132 2314; x_wconf 88' lang='lat' dir='ltr'>X</span> 
     </span>
     <span class='ocr_line' id='line_1_21' title="bbox 30 2342 192 2427; baseline -0.039 -17"><span class='ocrx_word' id='word_1_130' title='bbox 30 2342 192 2427; x_wconf 73' lang='lat' dir='ltr'>seposuit.</span> 
     </span>
    </p>
   </div>
   <div class='ocr_carea' id='block_1_8' title="bbox 72 2469 1081 3490">
    <p class='ocr_par' dir='ltr' id='par_1_8' title="bbox 72 2469 1081 3490">
     <span class='ocr_line' id='line_1_22' title="bbox 147 2469 1079 2582; baseline 0.002 -32"><span class='ocrx_word' id='word_1_131' title='bbox 147 2502 161 2550; x_wconf 90' lang='lat'><strong>1</strong></span> <span class='ocrx_word' id='word_1_132' title='bbox 182 2496 400 2552; x_wconf 76' lang='lat' dir='ltr'>SGYLLETIOO</span> <span class='ocrx_word' id='word_1_133' title='bbox 419 2499 605 2582; x_wconf 74' lang='lat' dir='ltr'><strong><em>PLQVGS,</em></strong></span> <span class='ocrx_word' id='word_1_134' title='bbox 625 2469 824 2563; x_wconf 79' lang='lat' dir='ltr'>SQVILITIOO</span> <span class='ocrx_word' id='word_1_135' title='bbox 843 2498 881 2567; x_wconf 84' lang='lat' dir='ltr'>E,</span> <span class='ocrx_word' id='word_1_136' title='bbox 900 2514 947 2567; x_wconf 78' lang='lat' dir='ltr'>scy</span> <span class='ocrx_word' id='word_1_137' title='bbox 948 2496 1039 2552; x_wconf 82' lang='lat' dir='ltr'>Ultieo</span> <span class='ocrx_word' id='word_1_138' title='bbox 1053 2516 1079 2566; x_wconf 88' lang='lat' dir='ltr'>a,</span> 
     </span>
     <span class='ocr_line' id='line_1_23' title="bbox 74 2516 1079 2650; baseline 0.002 -30"><span class='ocrx_word' id='word_1_139' title='bbox 74 2567 124 2621; x_wconf 83' lang='lat' dir='ltr'>DE</span> <span class='ocrx_word' id='word_1_140' title='bbox 151 2567 224 2622; x_wconf 86' lang='lat' dir='ltr'>Vnio</span> <span class='ocrx_word' id='word_1_141' title='bbox 253 2586 300 2638; x_wconf 63' lang='grc' dir='ltr'>ιο]</span> <span class='ocrx_word' id='word_1_142' title='bbox 301 2567 431 2623; x_wconf 88' lang='lat' dir='ltr'>llitico</span> <span class='ocrx_word' id='word_1_143' title='bbox 418 2588 430 2623; x_wconf 82' lang='grc' dir='ltr'>ι</span> <span class='ocrx_word' id='word_1_144' title='bbox 461 2572 470 2639; x_wconf 93' lang='grc' dir='ltr'>ΙΙ</span> <span class='ocrx_word' id='word_1_145' title='bbox 502 2577 518 2624; x_wconf 77' lang='lat'><strong>2</strong></span> <span class='ocrx_word' id='word_1_146' title='bbox 546 2569 670 2639; x_wconf 85' lang='lat' dir='ltr'>Squillae</span> <span class='ocrx_word' id='word_1_147' title='bbox 699 2586 788 2623; x_wconf 77' lang='lat' dir='ltr'>omnes</span> <span class='ocrx_word' id='word_1_148' title='bbox 818 2570 828 2650; x_wconf 90' lang='grc' dir='ltr'>ΙΙ</span> <span class='ocrx_word' id='word_1_149' title='bbox 860 2573 876 2622; x_wconf 88' lang='grc'><strong>6</strong></span> <span class='ocrx_word' id='word_1_150' title='bbox 904 2516 947 2622; x_wconf 62' lang='lat' dir='ltr'>ety</span> <span class='ocrx_word' id='word_1_151' title='bbox 960 2569 1079 2637; x_wconf 74' lang='lat' dir='ltr'>quadra</span> 
     </span>
     <span class='ocr_line' id='line_1_24' title="bbox 73 2587 1077 2722; baseline 0.002 -29"><span class='ocrx_word' id='word_1_152' title='bbox 73 2639 157 2721; x_wconf 80' lang='lat' dir='ltr'>ginta</span> <span class='ocrx_word' id='word_1_153' title='bbox 170 2587 303 2721; x_wconf 36' lang='lat' dir='ltr'>..Qe&#39;lsulr</span> <span class='ocrx_word' id='word_1_154' title='bbox 322 2631 382 2694; x_wconf 82' lang='lat' dir='ltr'>c&#39;elo</span> <span class='ocrx_word' id='word_1_155' title='bbox 395 2641 481 2722; x_wconf 84' lang='grc' dir='ltr'>ΕΙ17</span> <span class='ocrx_word' id='word_1_156' title='bbox 501 2641 604 2711; x_wconf 84' lang='lat' dir='ltr'>squilla</span> <span class='ocrx_word' id='word_1_157' title='bbox 622 2658 711 2703; x_wconf 77' lang='lat' dir='ltr'>onmes</span> <span class='ocrx_word' id='word_1_158' title='bbox 730 2643 739 2709; x_wconf 92' lang='grc' dir='ltr'>ΙΙ</span> <span class='ocrx_word' id='word_1_159' title='bbox 761 2645 777 2693; x_wconf 89' lang='grc'><strong>8</strong></span> <span class='ocrx_word' id='word_1_160' title='bbox 796 2639 890 2709; x_wconf 85' lang='lat' dir='ltr'>picato</span> <span class='ocrx_word' id='word_1_161' title='bbox 909 2656 977 2694; x_wconf 87' lang='lat' dir='ltr'>uase</span> <span class='ocrx_word' id='word_1_162' title='bbox 995 2640 1077 2712; x_wconf 71' lang='grc' dir='ltr'><strong>αιρΙ</strong></span> 
     </span>
     <span class='ocr_line' id='line_1_25' title="bbox 73 2708 1079 2782; baseline 0 -18"><span class='ocrx_word' id='word_1_163' title='bbox 73 2708 239 2780; x_wconf 83' lang='lat' dir='ltr'>digestionis</span> <span class='ocrx_word' id='word_1_164' title='bbox 251 2711 278 2766; x_wconf 94' lang='lat' dir='ltr'><strong><em>G</em></strong></span> <span class='ocrx_word' id='word_1_165' title='bbox 289 2713 300 2780; x_wconf 91' lang='grc' dir='ltr'>Ι</span> <span class='ocrx_word' id='word_1_166' title='bbox 313 2717 329 2764; x_wconf 85' lang='grc'>9</span> <span class='ocrx_word' id='word_1_167' title='bbox 340 2710 459 2779; x_wconf 87' lang='lat' dir='ltr'>squillae</span> <span class='ocrx_word' id='word_1_168' title='bbox 469 2729 558 2767; x_wconf 78' lang='lat' dir='ltr'>omnes</span> <span class='ocrx_word' id='word_1_169' title='bbox 571 2714 580 2782; x_wconf 92' lang='grc' dir='ltr'>ΙΙ</span> <span class='ocrx_word' id='word_1_170' title='bbox 595 2718 629 2766; x_wconf 90' lang='grc'>10</span> <span class='ocrx_word' id='word_1_171' title='bbox 638 2711 729 2765; x_wconf 88' lang='lat' dir='ltr'>mittis</span> <span class='ocrx_word' id='word_1_172' title='bbox 738 2728 827 2766; x_wconf 82' lang='lat' dir='ltr'>amaea</span> <span class='ocrx_word' id='word_1_173' title='bbox 840 2713 850 2782; x_wconf 94' lang='grc' dir='ltr'>ΙΙ</span> <span class='ocrx_word' id='word_1_174' title='bbox 865 2716 896 2764; x_wconf 89' lang='grc'>11</span> <span class='ocrx_word' id='word_1_175' title='bbox 910 2714 1035 2765; x_wconf 84' lang='lat' dir='ltr'>mentam</span> <span class='ocrx_word' id='word_1_176' title='bbox 1044 2712 1079 2779; x_wconf 99' lang='lat' dir='ltr'>L,</span> 
     </span>
     <span class='ocr_line' id='line_1_26' title="bbox 73 2781 1080 2862; baseline 0 -28"><span class='ocrx_word' id='word_1_177' title='bbox 73 2783 171 2835; x_wconf 91' lang='lat' dir='ltr'>menta</span> <span class='ocrx_word' id='word_1_178' title='bbox 189 2782 246 2852; x_wconf 78' lang='lat' dir='ltr'>PQ</span> <span class='ocrx_word' id='word_1_179' title='bbox 263 2785 267 2851; x_wconf 94' lang='grc' dir='ltr'>Ι</span> <span class='ocrx_word' id='word_1_180' title='bbox 283 2781 390 2837; x_wconf 87' lang='lat' dir='ltr'>cassiae</span> <span class='ocrx_word' id='word_1_181' title='bbox 409 2783 600 2853; x_wconf 76' lang='lat' dir='ltr'><strong><em>PLQVGE</em></strong></span> <span class='ocrx_word' id='word_1_182' title='bbox 615 2783 618 2855; x_wconf 97' lang='grc' dir='ltr'>Ι</span> <span class='ocrx_word' id='word_1_183' title='bbox 635 2782 842 2851; x_wconf 88' lang='lat' dir='ltr'>aliquantulum</span> <span class='ocrx_word' id='word_1_184' title='bbox 860 2783 891 2836; x_wconf 84' lang='lat' dir='ltr'><em>E</em></span> <span class='ocrx_word' id='word_1_185' title='bbox 911 2783 915 2853; x_wconf 94' lang='grc' dir='ltr'>Ι</span> <span class='ocrx_word' id='word_1_186' title='bbox 935 2784 1000 2862; x_wconf 84' lang='lat' dir='ltr'>post</span> <span class='ocrx_word' id='word_1_187' title='bbox 1017 2781 1080 2862; x_wconf 73' lang='lat' dir='ltr'>[ali-</span> 
     </span>
     <span class='ocr_line' id='line_1_27' title="bbox 73 2851 1080 2936; baseline -0.001 -31"><span class='ocrx_word' id='word_1_188' title='bbox 73 2853 163 2923; x_wconf 89' lang='lat' dir='ltr'>quod]</span> <span class='ocrx_word' id='word_1_189' title='bbox 181 2854 290 2922; x_wconf 87' lang='lat' dir='ltr'>tempus</span> <span class='ocrx_word' id='word_1_190' title='bbox 298 2871 362 2936; x_wconf 73' lang='lat' dir='ltr'>eps</span> <span class='ocrx_word' id='word_1_191' title='bbox 384 2856 393 2923; x_wconf 97' lang='grc' dir='ltr'>ΙΙ</span> <span class='ocrx_word' id='word_1_192' title='bbox 417 2860 448 2907; x_wconf 87' lang='grc'>13</span> <span class='ocrx_word' id='word_1_193' title='bbox 469 2853 644 2921; x_wconf 85' lang='lat' dir='ltr'>SINAPES,</span> <span class='ocrx_word' id='word_1_194' title='bbox 664 2853 810 2924; x_wconf 81' lang='lat' dir='ltr'>Synapie&#39;,</span> <span class='ocrx_word' id='word_1_195' title='bbox 830 2853 950 2907; x_wconf 84' lang='lat' dir='ltr'>SINAPI</span> <span class='ocrx_word' id='word_1_196' title='bbox 968 2851 1080 2921; x_wconf 86' lang='lat' dir='ltr'>(sinapi)</span> 
     </span>
     <span class='ocr_line' id='line_1_28' title="bbox 73 2922 1079 3003; baseline -0.001 -26"><span class='ocrx_word' id='word_1_197' title='bbox 73 2924 178 2978; x_wconf 83' lang='lat' dir='ltr'>codices</span> <span class='ocrx_word' id='word_1_198' title='bbox 204 2925 361 2979; x_wconf 77' lang='lat' dir='ltr'>recentiores</span> <span class='ocrx_word' id='word_1_199' title='bbox 388 2931 412 2980; x_wconf 81' lang='lat' dir='ltr'>et</span> <span class='ocrx_word' id='word_1_200' title='bbox 439 2932 538 2979; x_wconf 85' lang='lat' dir='ltr'>ceterae</span> <span class='ocrx_word' id='word_1_201' title='bbox 565 2926 694 2980; x_wconf 74' lang='lat' dir='ltr'>editiones</span> <span class='ocrx_word' id='word_1_202' title='bbox 721 2928 730 2995; x_wconf 93' lang='grc' dir='ltr'>ΙΙ</span> <span class='ocrx_word' id='word_1_203' title='bbox 758 2929 792 2978; x_wconf 83' lang='grc'>14</span> <span class='ocrx_word' id='word_1_204' title='bbox 815 2923 915 2993; x_wconf 77' lang='lat' dir='ltr'>Senap&#39;</span> <span class='ocrx_word' id='word_1_205' title='bbox 907 2941 932 2977; x_wconf 87' lang='lat' dir='ltr'>rs</span> <span class='ocrx_word' id='word_1_206' title='bbox 955 2922 1079 3003; x_wconf 74' lang='lat' dir='ltr'>PLQT,</span> 
     </span>
     <span class='ocr_line' id='line_1_29' title="bbox 74 2993 1080 3066; baseline -0.001 -19"><span class='ocrx_word' id='word_1_207' title='bbox 74 2993 172 3047; x_wconf 83' lang='lat' dir='ltr'>Sina</span> <span class='ocrx_word' id='word_1_208' title='bbox 163 3012 188 3046; x_wconf 82' lang='grc' dir='ltr'>ιι</span> <span class='ocrx_word' id='word_1_209' title='bbox 210 2996 290 3050; x_wconf 79' lang='lat' dir='ltr'>ceteri</span> <span class='ocrx_word' id='word_1_210' title='bbox 314 2998 324 3064; x_wconf 94' lang='grc' dir='ltr'>ΙΙ</span> <span class='ocrx_word' id='word_1_211' title='bbox 357 3001 389 3048; x_wconf 79' lang='grc'>15</span> <span class='ocrx_word' id='word_1_212' title='bbox 418 2994 566 3049; x_wconf 87' lang='lat' dir='ltr'>simiciculi</span> <span class='ocrx_word' id='word_1_213' title='bbox 589 2996 717 3066; x_wconf 71' lang='lat' dir='ltr'><strong><em>PLQF,</em></strong></span> <span class='ocrx_word' id='word_1_214' title='bbox 747 2994 868 3049; x_wconf 88' lang='lat' dir='ltr'>simiculi</span> <span class='ocrx_word' id='word_1_215' title='bbox 891 2995 970 3064; x_wconf 63' lang='lat'><strong><em>8¹13,</em></strong></span> <span class='ocrx_word' id='word_1_216' title='bbox 999 2993 1080 3047; x_wconf 88' lang='lat' dir='ltr'>semi·</span> 
     </span>
     <span class='ocr_line' id='line_1_30' title="bbox 73 3063 1079 3146; baseline -0.002 -27"><span class='ocrx_word' id='word_1_217' title='bbox 73 3065 151 3119; x_wconf 86' lang='lat' dir='ltr'>circu</span> <span class='ocrx_word' id='word_1_218' title='bbox 166 3065 228 3134; x_wconf 98' lang='lat' dir='ltr'>G,</span> <span class='ocrx_word' id='word_1_219' title='bbox 247 3065 409 3120; x_wconf 89' lang='lat' dir='ltr'>sirnicirculi</span> <span class='ocrx_word' id='word_1_220' title='bbox 430 3068 460 3133; x_wconf 88' lang='lat' dir='ltr'>T,</span> <span class='ocrx_word' id='word_1_221' title='bbox 480 3065 675 3136; x_wconf 75' lang='lat' dir='ltr'>semiciculii,</span> <span class='ocrx_word' id='word_1_222' title='bbox 699 3066 813 3120; x_wconf 90' lang='lat' dir='ltr'>feniculi</span> <span class='ocrx_word' id='word_1_223' title='bbox 832 3066 875 3134; x_wconf 80' lang='grc' dir='ltr'>ΕΙ</span> <span class='ocrx_word' id='word_1_224' title='bbox 891 3065 1006 3120; x_wconf 89' lang='lat' dir='ltr'>reddere</span> <span class='ocrx_word' id='word_1_225' title='bbox 1025 3063 1079 3146; x_wconf 91' lang='grc' dir='ltr'>ΕΙ</span> 
     </span>
     <span class='ocr_line' id='line_1_31' title="bbox 74 3135 1080 3219; baseline 0 -30"><span class='ocrx_word' id='word_1_226' title='bbox 74 3136 121 3190; x_wconf 87' lang='lat' dir='ltr'>eui</span> <span class='ocrx_word' id='word_1_227' title='bbox 136 3153 186 3190; x_wconf 81' lang='lat' dir='ltr'>ern.</span> <span class='ocrx_word' id='word_1_228' title='bbox 200 3138 219 3204; x_wconf 89' lang='grc' dir='ltr'><strong>ι’,</strong></span> <span class='ocrx_word' id='word_1_229' title='bbox 234 3153 297 3189; x_wconf 91' lang='lat' dir='ltr'>cum</span> <span class='ocrx_word' id='word_1_230' title='bbox 310 3138 370 3191; x_wconf 77' lang='lat' dir='ltr'>heb</span> <span class='ocrx_word' id='word_1_231' title='bbox 381 3137 412 3190; x_wconf 98' lang='grc' dir='ltr'><strong><em>Ε</em></strong></span> <span class='ocrx_word' id='word_1_232' title='bbox 425 3140 429 3206; x_wconf 93' lang='grc' dir='ltr'>Ι</span> <span class='ocrx_word' id='word_1_233' title='bbox 444 3137 538 3207; x_wconf 89' lang='lat' dir='ltr'>pondo</span> <span class='ocrx_word' id='word_1_234' title='bbox 552 3154 602 3192; x_wconf 85' lang='lat' dir='ltr'>em.</span> <span class='ocrx_word' id='word_1_235' title='bbox 613 3138 663 3219; x_wconf 94' lang='grc' dir='ltr'>ΕΙΙ</span> <span class='ocrx_word' id='word_1_236' title='bbox 678 3144 711 3192; x_wconf 89' lang='grc'>16</span> <span class='ocrx_word' id='word_1_237' title='bbox 726 3137 803 3192; x_wconf 90' lang='lat' dir='ltr'>oleis</span> <span class='ocrx_word' id='word_1_238' title='bbox 822 3153 890 3217; x_wconf 72' lang='lat' dir='ltr'>paru</span> <span class='ocrx_word' id='word_1_239' title='bbox 882 3137 997 3204; x_wconf 89' lang='lat' dir='ltr'>PL,</span> <span class='ocrx_word' id='word_1_240' title='bbox 1011 3135 1080 3189; x_wconf 87' lang='lat' dir='ltr'>oleis</span> 
     </span>
     <span class='ocr_line' id='line_1_32' title="bbox 72 3180 1080 3289; baseline 0 -29"><span class='ocrx_word' id='word_1_241' title='bbox 72 3206 187 3278; x_wconf 89' lang='lat' dir='ltr'>hispani</span> <span class='ocrx_word' id='word_1_242' title='bbox 207 3180 238 3276; x_wconf 89' lang='lat' dir='ltr'>V,</span> <span class='ocrx_word' id='word_1_243' title='bbox 257 3207 311 3262; x_wconf 89' lang='lat' dir='ltr'>olei</span> <span class='ocrx_word' id='word_1_244' title='bbox 330 3208 411 3278; x_wconf 88' lang='lat' dir='ltr'>spani</span> <span class='ocrx_word' id='word_1_245' title='bbox 431 3209 465 3275; x_wconf 90' lang='lat' dir='ltr'>G,</span> <span class='ocrx_word' id='word_1_246' title='bbox 485 3208 651 3290; x_wconf 86' lang='lat' dir='ltr'>oleirspani</span> <span class='ocrx_word' id='word_1_247' title='bbox 669 3210 710 3278; x_wconf 91' lang='grc' dir='ltr'><strong><em>Ε,</em></strong></span> <span class='ocrx_word' id='word_1_248' title='bbox 730 3208 785 3262; x_wconf 91' lang='lat' dir='ltr'>olei</span> <span class='ocrx_word' id='word_1_249' title='bbox 803 3207 925 3289; x_wconf 81' lang='lat' dir='ltr'>Panisp</span> <span class='ocrx_word' id='word_1_250' title='bbox 949 3210 953 3276; x_wconf 93' lang='grc' dir='ltr'>Ι</span> <span class='ocrx_word' id='word_1_251' title='bbox 991 3206 1080 3260; x_wconf 87' lang='lat' dir='ltr'>bram</span> 
     </span>
     <span class='ocr_line' id='line_1_33' title="bbox 72 3227 1081 3403; baseline -0.001 -71"><span class='ocrx_word' id='word_1_252' title='bbox 72 3295 160 3332; x_wconf 85' lang='lat' dir='ltr'>unam</span> <span class='ocrx_word' id='word_1_253' title='bbox 177 3278 285 3403; x_wconf 63' lang='grc' dir='ltr'><strong><em>ΕΕΙΕ</em></strong></span> <span class='ocrx_word' id='word_1_254' title='bbox 321 3227 415 3350; x_wconf 66' lang='grc' dir='ltr'><strong>ῬΙιΙι</strong></span> <span class='ocrx_word' id='word_1_255' title='bbox 438 3285 471 3332; x_wconf 78' lang='lat'>17</span> <span class='ocrx_word' id='word_1_256' title='bbox 490 3297 583 3333; x_wconf 81' lang='lat' dir='ltr'>miscis</span> <span class='ocrx_word' id='word_1_257' title='bbox 603 3280 691 3351; x_wconf 92' lang='lat' dir='ltr'>PL</span> <span class='ocrx_word' id='word_1_258' title='bbox 697 3280 760 3349; x_wconf 82' lang='lat' dir='ltr'>GS,</span> <span class='ocrx_word' id='word_1_259' title='bbox 778 3295 878 3332; x_wconf 84' lang='lat' dir='ltr'>misces</span> <span class='ocrx_word' id='word_1_260' title='bbox 897 3278 1054 3349; x_wconf 72' lang='lat' dir='ltr'>ETeacps</span> <span class='ocrx_word' id='word_1_261' title='bbox 1071 3277 1081 3349; x_wconf 97' lang='grc' dir='ltr'>ΙΙ</span> 
     </span>
     <span class='ocr_line' id='line_1_34' title="bbox 75 3281 1077 3475; baseline 0 -72"><span class='ocrx_word' id='word_1_262' title='bbox 75 3355 109 3403; x_wconf 86' lang='grc'>19</span> <span class='ocrx_word' id='word_1_263' title='bbox 128 3349 183 3403; x_wconf 93' lang='lat' dir='ltr'>Iuli</span> <span class='ocrx_word' id='word_1_264' title='bbox 200 3350 299 3474; x_wconf 58' lang='lat' dir='ltr'>Pt,</span> <span class='ocrx_word' id='word_1_265' title='bbox 261 3421 287 3475; x_wconf 67' lang='lat' dir='ltr'><em>G</em></span> <span class='ocrx_word' id='word_1_266' title='bbox 293 3349 383 3418; x_wconf 89' lang='lat' dir='ltr'>,Iulii</span> <span class='ocrx_word' id='word_1_267' title='bbox 401 3283 504 3404; x_wconf 78' lang='lat' dir='ltr'>iliensis</span> <span class='ocrx_word' id='word_1_268' title='bbox 523 3352 553 3404; x_wconf 88' lang='grc' dir='ltr'><strong><em>Ε</em></strong></span> <span class='ocrx_word' id='word_1_269' title='bbox 567 3350 596 3421; x_wconf 96' lang='grc' dir='ltr'>Ι</span> <span class='ocrx_word' id='word_1_270' title='bbox 587 3368 647 3404; x_wconf 87' lang='lat' dir='ltr'>rum</span> <span class='ocrx_word' id='word_1_271' title='bbox 640 3281 773 3420; x_wconf 81' lang='grc' dir='ltr'><strong><em>ῬΕΕΙ</em></strong></span> <span class='ocrx_word' id='word_1_272' title='bbox 789 3366 838 3419; x_wconf 89' lang='lat' dir='ltr'>per</span> <span class='ocrx_word' id='word_1_273' title='bbox 855 3365 1014 3402; x_wconf 88' lang='lat' dir='ltr'>mensuram</span> <span class='ocrx_word' id='word_1_274' title='bbox 1030 3349 1056 3403; x_wconf 90' lang='lat' dir='ltr'><strong><em>G</em></strong></span> <span class='ocrx_word' id='word_1_275' title='bbox 1074 3351 1077 3421; x_wconf 97' lang='grc' dir='ltr'>Ι</span> 
     </span>
     <span class='ocr_line' id='line_1_35' title="bbox 72 3437 227 3490; baseline -0.013 -14"><span class='ocrx_word' id='word_1_276' title='bbox 72 3437 227 3490; x_wconf 85' lang='lat' dir='ltr'>conpensur</span> 
     </span>
    </p>
   </div>
   <div class='ocr_carea' id='block_1_9' title="bbox 0 0 1194 3832">
    <p class='ocr_par' dir='ltr' id='par_1_9' title="bbox 0 0 1194 3832">
     <span class='ocr_line' id='line_1_36' title="bbox 0 0 1194 3832; baseline 0 1"><span class='ocrx_word' id='word_1_277' title='bbox 0 0 1194 3832; x_wconf 95' lang='lat' dir='ltr'> </span> 
     </span>
    </p>
   </div>
  </div>
 </body>
</html>
