<?xml version="1.0" encoding="UTF-8"?>
<!DOCTYPE html PUBLIC "-//W3C//DTD XHTML 1.0 Transitional//EN"
    "http://www.w3.org/TR/xhtml1/DTD/xhtml1-transitional.dtd">
<html xmlns="http://www.w3.org/1999/xhtml" xml:lang="en" lang="en">
 <head>
  <title>
</title>
<meta http-equiv="Content-Type" content="text/html;charset=utf-8" />
  <meta name='ocr-system' content='tesseract 3.04.00' />
  <meta name='ocr-capabilities' content='ocr_page ocr_carea ocr_par ocr_line ocrx_word'/>
</head>
<body>
  <div class='ocr_page' id='page_1' title='image "./palladiirutilii00pallgoog_0053.png"; bbox 0 0 2378 3832; ppageno 0'>
   <div class='ocr_carea' id='block_1_1' title="bbox 135 166 723 232">
    <p class='ocr_par' dir='ltr' id='par_1_1' title="bbox 135 166 723 232">
     <span class='ocr_line' id='line_1_1' title="bbox 135 166 723 232; baseline 0.002 -13"><span class='ocrx_word' id='word_1_1' title='bbox 135 168 179 232; x_wconf 83' lang='grc'><strong>34</strong></span> <span class='ocrx_word' id='word_1_2' title='bbox 554 166 723 220; x_wconf 87' lang='lat' dir='ltr'>PALLADII</span> 
     </span>
    </p>
   </div>
   <div class='ocr_carea' id='block_1_2' title="bbox 171 416 1121 590">
    <p class='ocr_par' dir='ltr' id='par_1_2' title="bbox 171 416 1121 590">
     <span class='ocr_line' id='line_1_2' title="bbox 171 416 1121 485; baseline 0 -1"><span class='ocrx_word' id='word_1_3' title='bbox 171 418 231 485; x_wconf 81' lang='lat' dir='ltr'><strong>DE</strong></span> <span class='ocrx_word' id='word_1_4' title='bbox 256 417 380 485; x_wconf 81' lang='lat' dir='ltr'>LOCIS</span> <span class='ocrx_word' id='word_1_5' title='bbox 403 418 538 484; x_wconf 82' lang='lat' dir='ltr'>HORTI</span> <span class='ocrx_word' id='word_1_6' title='bbox 561 419 618 483; x_wconf 84' lang='lat' dir='ltr'><strong>ET</strong></span> <span class='ocrx_word' id='word_1_7' title='bbox 641 417 827 483; x_wconf 85' lang='lat' dir='ltr'><strong>POMARII</strong></span> <span class='ocrx_word' id='word_1_8' title='bbox 849 417 907 483; x_wconf 97' lang='grc' dir='ltr'><strong>ΕΤ</strong></span> <span class='ocrx_word' id='word_1_9' title='bbox 931 416 1121 484; x_wconf 81' lang='lat' dir='ltr'><strong>SEPIBVS</strong></span> 
     </span>
     <span class='ocr_line' id='line_1_3' title="bbox 490 524 789 590; baseline 0 0"><span class='ocrx_word' id='word_1_10' title='bbox 490 524 547 590; x_wconf 93' lang='grc' dir='ltr'><strong>ΕΤ</strong></span> <span class='ocrx_word' id='word_1_11' title='bbox 571 524 789 590; x_wconf 80' lang='lat' dir='ltr'>SERENDO.</span> 
     </span>
    </p>
   </div>
   <div class='ocr_carea' id='block_1_3' title="bbox 85 666 1180 1907">
    <p class='ocr_par' dir='ltr' id='par_1_3' title="bbox 85 666 1180 1107">
     <span class='ocr_line' id='line_1_4' title="bbox 85 666 1150 752; baseline -0.001 -17"><span class='ocrx_word' id='word_1_12' title='bbox 85 667 248 735; x_wconf 88' lang='lat' dir='ltr'>XXXIIII</span> <span class='ocrx_word' id='word_1_13' title='bbox 314 667 413 732; x_wconf 88' lang='lat' dir='ltr'><strong>Horti</strong></span> <span class='ocrx_word' id='word_1_14' title='bbox 437 670 470 732; x_wconf 90' lang='lat' dir='ltr'><strong>et</strong></span> <span class='ocrx_word' id='word_1_15' title='bbox 492 666 640 752; x_wconf 86' lang='lat' dir='ltr'><strong>pomaria</strong></span> <span class='ocrx_word' id='word_1_16' title='bbox 662 667 772 731; x_wconf 91' lang='lat' dir='ltr'><strong>domni</strong></span> <span class='ocrx_word' id='word_1_17' title='bbox 795 666 944 750; x_wconf 87' lang='lat' dir='ltr'><strong>proxima</strong></span> <span class='ocrx_word' id='word_1_18' title='bbox 964 689 1037 733; x_wconf 90' lang='lat' dir='ltr'><strong>esse</strong></span> <span class='ocrx_word' id='word_1_19' title='bbox 1056 669 1150 734; x_wconf 82' lang='lat' dir='ltr'><strong>debe</strong></span> 
     </span>
     <span class='ocr_line' id='line_1_5' title="bbox 139 755 1149 841; baseline 0.002 -19"><span class='ocrx_word' id='word_1_20' title='bbox 139 758 230 822; x_wconf 90' lang='lat' dir='ltr'><strong>bunt.</strong></span> <span class='ocrx_word' id='word_1_21' title='bbox 270 756 386 821; x_wconf 89' lang='lat' dir='ltr'><strong>hortus</strong></span> <span class='ocrx_word' id='word_1_22' title='bbox 414 756 458 820; x_wconf 91' lang='lat' dir='ltr'><strong>sit</strong></span> <span class='ocrx_word' id='word_1_23' title='bbox 486 755 660 821; x_wconf 78' lang='lat' dir='ltr'><strong>sterculino</strong></span> <span class='ocrx_word' id='word_1_24' title='bbox 684 755 823 820; x_wconf 83' lang='lat' dir='ltr'><strong>maxime</strong></span> <span class='ocrx_word' id='word_1_25' title='bbox 847 757 1028 841; x_wconf 90' lang='lat' dir='ltr'><strong>subiectus,</strong></span> <span class='ocrx_word' id='word_1_26' title='bbox 1057 758 1149 824; x_wconf 90' lang='lat' dir='ltr'><strong>cuius</strong></span> 
     </span>
     <span class='ocr_line' id='line_1_6' title="bbox 139 845 1180 930; baseline 0 -18"><span class='ocrx_word' id='word_1_27' title='bbox 139 868 213 912; x_wconf 92' lang='lat' dir='ltr'><strong>eum</strong></span> <span class='ocrx_word' id='word_1_28' title='bbox 236 867 332 910; x_wconf 91' lang='lat' dir='ltr'><strong>sucus</strong></span> <span class='ocrx_word' id='word_1_29' title='bbox 356 850 471 930; x_wconf 89' lang='lat' dir='ltr'><strong>sponte</strong></span> <span class='ocrx_word' id='word_1_30' title='bbox 495 845 654 925; x_wconf 83' lang='lat' dir='ltr'><strong>fecundet,</strong></span> <span class='ocrx_word' id='word_1_31' title='bbox 678 846 718 909; x_wconf 89' lang='lat' dir='ltr'><strong>ab</strong></span> <span class='ocrx_word' id='word_1_32' title='bbox 740 866 815 909; x_wconf 89' lang='lat' dir='ltr'><strong>area</strong></span> <span class='ocrx_word' id='word_1_33' title='bbox 832 845 930 930; x_wconf 84' lang='lat' dir='ltr'><strong>longe</strong></span> <span class='ocrx_word' id='word_1_34' title='bbox 949 846 1048 911; x_wconf 86' lang='lat' dir='ltr'><strong>situs:</strong></span> <span class='ocrx_word' id='word_1_35' title='bbox 1071 869 1180 918; x_wconf 64' lang='lat' dir='ltr'><strong>name</strong></span> 
     </span>
     <span class='ocr_line' id='line_1_7' title="bbox 139 933 1147 1020; baseline 0.002 -21"><span class='ocrx_word' id='word_1_36' title='bbox 139 936 307 1020; x_wconf 91' lang='lat' dir='ltr'><strong>puluerem</strong></span> <span class='ocrx_word' id='word_1_37' title='bbox 324 935 490 1019; x_wconf 82' lang='lat' dir='ltr'>palearum</span> <span class='ocrx_word' id='word_1_38' title='bbox 509 934 633 1018; x_wconf 88' lang='lat' dir='ltr'><strong>patitur</strong></span> <span class='ocrx_word' id='word_1_39' title='bbox 651 933 827 998; x_wconf 87' lang='lat' dir='ltr'><strong>inimicum.</strong></span> <span class='ocrx_word' id='word_1_40' title='bbox 856 933 935 998; x_wconf 84' lang='lat' dir='ltr'><strong>felix</strong></span> <span class='ocrx_word' id='word_1_41' title='bbox 948 934 1075 1019; x_wconf 92' lang='lat' dir='ltr'><strong>positio</strong></span> <span class='ocrx_word' id='word_1_42' title='bbox 1091 942 1147 1016; x_wconf 89' lang='lat' dir='ltr'><strong>est,</strong></span> 
     </span>
     <span class='ocr_line' id='line_1_8' title="bbox 139 1020 1147 1107; baseline 0.001 -18"><span class='ocrx_word' id='word_1_43' title='bbox 139 1025 190 1090; x_wconf 93' lang='lat' dir='ltr'><strong>cui</strong></span> <span class='ocrx_word' id='word_1_44' title='bbox 223 1024 340 1089; x_wconf 90' lang='lat' dir='ltr'><strong>leniter</strong></span> <span class='ocrx_word' id='word_1_45' title='bbox 371 1023 526 1088; x_wconf 85' lang='lat' dir='ltr'><strong>inclinata</strong></span> <span class='ocrx_word' id='word_1_46' title='bbox 556 1020 712 1107; x_wconf 85' lang='lat' dir='ltr'><strong>planicies</strong></span> <span class='ocrx_word' id='word_1_47' title='bbox 741 1044 853 1088; x_wconf 91' lang='lat' dir='ltr'><strong>cursus</strong></span> <span class='ocrx_word' id='word_1_48' title='bbox 882 1045 984 1107; x_wconf 90' lang='lat' dir='ltr'><strong>aquae</strong></span> <span class='ocrx_word' id='word_1_49' title='bbox 1013 1024 1147 1090; x_wconf 87' lang='lat' dir='ltr'><strong>fluentis</strong></span> 
     </span>
    </p>

    <p class='ocr_par' dir='ltr' id='par_1_4' title="bbox 93 1109 1178 1641">
     <span class='ocr_line' id='line_1_9' title="bbox 93 1109 1148 1198; baseline -0.001 -19"><span class='ocrx_word' id='word_1_50' title='bbox 93 1115 114 1179; x_wconf 81' lang='lat'><strong>2</strong></span> <span class='ocrx_word' id='word_1_51' title='bbox 137 1136 194 1198; x_wconf 90' lang='lat' dir='ltr'><strong>per</strong></span> <span class='ocrx_word' id='word_1_52' title='bbox 222 1112 330 1197; x_wconf 90' lang='lat' dir='ltr'><strong>spatia</strong></span> <span class='ocrx_word' id='word_1_53' title='bbox 356 1113 496 1176; x_wconf 88' lang='lat' dir='ltr'><strong>discreta</strong></span> <span class='ocrx_word' id='word_1_54' title='bbox 519 1112 652 1175; x_wconf 88' lang='lat' dir='ltr'><strong>deriuat.</strong></span> <span class='ocrx_word' id='word_1_55' title='bbox 695 1109 722 1174; x_wconf 90' lang='lat' dir='ltr'><strong>si</strong></span> <span class='ocrx_word' id='word_1_56' title='bbox 746 1111 818 1176; x_wconf 92' lang='lat' dir='ltr'><strong>fons</strong></span> <span class='ocrx_word' id='word_1_57' title='bbox 841 1112 939 1190; x_wconf 90' lang='lat' dir='ltr'><strong>desit,</strong></span> <span class='ocrx_word' id='word_1_58' title='bbox 967 1117 1026 1177; x_wconf 91' lang='lat' dir='ltr'><strong>aut</strong></span> <span class='ocrx_word' id='word_1_59' title='bbox 1049 1113 1148 1198; x_wconf 90' lang='lat' dir='ltr'><strong>inpri-</strong></span> 
     </span>
     <span class='ocr_line' id='line_1_10' title="bbox 138 1199 1147 1287; baseline -0.001 -20"><span class='ocrx_word' id='word_1_60' title='bbox 138 1203 273 1267; x_wconf 91' lang='lat' dir='ltr'><strong>mendus</strong></span> <span class='ocrx_word' id='word_1_61' title='bbox 297 1205 348 1266; x_wconf 88' lang='lat' dir='ltr'><strong>est</strong></span> <span class='ocrx_word' id='word_1_62' title='bbox 369 1204 487 1285; x_wconf 92' lang='lat' dir='ltr'><strong>puteus</strong></span> <span class='ocrx_word' id='word_1_63' title='bbox 511 1204 579 1284; x_wconf 88' lang='lat' dir='ltr'><strong>aut,</strong></span> <span class='ocrx_word' id='word_1_64' title='bbox 601 1201 629 1265; x_wconf 93' lang='lat' dir='ltr'><strong>si</strong></span> <span class='ocrx_word' id='word_1_65' title='bbox 651 1199 714 1264; x_wconf 91' lang='lat' dir='ltr'><strong>hoc</strong></span> <span class='ocrx_word' id='word_1_66' title='bbox 731 1221 883 1285; x_wconf 82' lang='lat' dir='ltr'>nequeas,</span> <span class='ocrx_word' id='word_1_67' title='bbox 904 1201 1031 1284; x_wconf 89' lang='lat' dir='ltr'><strong>piscina</strong></span> <span class='ocrx_word' id='word_1_68' title='bbox 1052 1224 1147 1287; x_wconf 89' lang='lat' dir='ltr'><strong>supe-</strong></span> 
     </span>
     <span class='ocr_line' id='line_1_11' title="bbox 137 1288 1178 1374; baseline 0.004 -18"><span class='ocrx_word' id='word_1_69' title='bbox 137 1293 204 1356; x_wconf 90' lang='lat' dir='ltr'><strong>rius</strong></span> <span class='ocrx_word' id='word_1_70' title='bbox 228 1291 451 1374; x_wconf 88' lang='lat' dir='ltr'><strong>construenda,</strong></span> <span class='ocrx_word' id='word_1_71' title='bbox 473 1294 511 1373; x_wconf 88' lang='lat' dir='ltr'><strong>ut</strong></span> <span class='ocrx_word' id='word_1_72' title='bbox 533 1288 585 1352; x_wconf 92' lang='lat' dir='ltr'><strong>illi</strong></span> <span class='ocrx_word' id='word_1_73' title='bbox 608 1310 707 1372; x_wconf 89' lang='lat' dir='ltr'><strong>aquas</strong></span> <span class='ocrx_word' id='word_1_74' title='bbox 729 1288 840 1372; x_wconf 87' lang='lat' dir='ltr'><strong>pluuia</strong></span> <span class='ocrx_word' id='word_1_75' title='bbox 864 1288 1052 1355; x_wconf 86' lang='lat' dir='ltr'><strong>conferente</strong></span> <span class='ocrx_word' id='word_1_76' title='bbox 1072 1292 1178 1361; x_wconf 82' lang='lat' dir='ltr'><strong>hor-u</strong></span> 
     </span>
     <span class='ocr_line' id='line_1_12' title="bbox 137 1377 1145 1464; baseline 0.001 -19"><span class='ocrx_word' id='word_1_77' title='bbox 137 1385 191 1445; x_wconf 91' lang='lat' dir='ltr'><strong>tus</strong></span> <span class='ocrx_word' id='word_1_78' title='bbox 210 1401 268 1463; x_wconf 90' lang='lat' dir='ltr'><strong>per</strong></span> <span class='ocrx_word' id='word_1_79' title='bbox 287 1380 429 1443; x_wconf 88' lang='lat' dir='ltr'><strong>aestiuos</strong></span> <span class='ocrx_word' id='word_1_80' title='bbox 450 1379 575 1464; x_wconf 83' lang='lat' dir='ltr'><strong>rigetur</strong></span> <span class='ocrx_word' id='word_1_81' title='bbox 594 1379 732 1442; x_wconf 88' lang='lat' dir='ltr'><strong>ardores.</strong></span> <span class='ocrx_word' id='word_1_82' title='bbox 764 1378 793 1441; x_wconf 91' lang='lat' dir='ltr'><strong>si</strong></span> <span class='ocrx_word' id='word_1_83' title='bbox 806 1377 868 1442; x_wconf 90' lang='lat' dir='ltr'><strong>hac</strong></span> <span class='ocrx_word' id='word_1_84' title='bbox 883 1379 972 1442; x_wconf 91' lang='lat' dir='ltr'><strong>omni</strong></span> <span class='ocrx_word' id='word_1_85' title='bbox 986 1378 1145 1446; x_wconf 78' lang='lat' dir='ltr'>facultate</span> 
     </span>
     <span class='ocr_line' id='line_1_13' title="bbox 136 1464 1146 1552; baseline 0 -18"><span class='ocrx_word' id='word_1_86' title='bbox 136 1466 293 1551; x_wconf 87' lang='lat' dir='ltr'><strong>carueris,</strong></span> <span class='ocrx_word' id='word_1_87' title='bbox 326 1489 454 1551; x_wconf 85' lang='lat' dir='ltr'>semper</span> <span class='ocrx_word' id='word_1_88' title='bbox 485 1467 583 1531; x_wconf 89' lang='lat' dir='ltr'><strong>altius</strong></span> <span class='ocrx_word' id='word_1_89' title='bbox 613 1464 717 1531; x_wconf 90' lang='lat' dir='ltr'><strong>tribus</strong></span> <span class='ocrx_word' id='word_1_90' title='bbox 745 1467 798 1531; x_wconf 87' lang='lat' dir='ltr'><strong>uel</strong></span> <span class='ocrx_word' id='word_1_91' title='bbox 826 1470 981 1550; x_wconf 87' lang='lat' dir='ltr'><strong>quattuor</strong></span> <span class='ocrx_word' id='word_1_92' title='bbox 1008 1469 1146 1552; x_wconf 90' lang='lat' dir='ltr'><strong>pedibus</strong></span> 
     </span>
     <span class='ocr_line' id='line_1_14' title="bbox 137 1555 1146 1641; baseline 0.002 -20"><span class='ocrx_word' id='word_1_93' title='bbox 137 1558 176 1621; x_wconf 95' lang='lat' dir='ltr'><strong>ad</strong></span> <span class='ocrx_word' id='word_1_94' title='bbox 200 1555 322 1641; x_wconf 92' lang='lat' dir='ltr'><strong>pastini</strong></span> <span class='ocrx_word' id='word_1_95' title='bbox 346 1555 590 1620; x_wconf 89' lang='lat' dir='ltr'><strong>similitudinem</strong></span> <span class='ocrx_word' id='word_1_96' title='bbox 613 1556 715 1620; x_wconf 88' lang='lat' dir='ltr'><strong>fodies</strong></span> <span class='ocrx_word' id='word_1_97' title='bbox 738 1555 915 1635; x_wconf 88' lang='lat' dir='ltr'><strong>hortulum,</strong></span> <span class='ocrx_word' id='word_1_98' title='bbox 937 1555 994 1641; x_wconf 92' lang='lat' dir='ltr'><strong>qui</strong></span> <span class='ocrx_word' id='word_1_99' title='bbox 1014 1558 1063 1623; x_wconf 91' lang='lat' dir='ltr'><strong>sic</strong></span> <span class='ocrx_word' id='word_1_100' title='bbox 1083 1559 1146 1623; x_wconf 91' lang='lat' dir='ltr'><strong>cul-</strong></span> 
     </span>
    </p>

    <p class='ocr_par' dir='ltr' id='par_1_5' title="bbox 91 1642 1179 1907">
     <span class='ocr_line' id='line_1_15' title="bbox 91 1642 1146 1730; baseline 0.002 -20"><span class='ocrx_word' id='word_1_101' title='bbox 91 1646 112 1710; x_wconf 83' lang='lat'><strong>3</strong></span> <span class='ocrx_word' id='word_1_102' title='bbox 137 1649 190 1709; x_wconf 91' lang='lat' dir='ltr'><strong>tus</strong></span> <span class='ocrx_word' id='word_1_103' title='bbox 213 1645 367 1730; x_wconf 83' lang='lat' dir='ltr'><strong>neglegat</strong></span> <span class='ocrx_word' id='word_1_104' title='bbox 391 1644 562 1709; x_wconf 75' lang='lat' dir='ltr'><strong>siccitates.</strong></span> <span class='ocrx_word' id='word_1_105' title='bbox 604 1644 659 1708; x_wconf 90' lang='lat' dir='ltr'><strong>sed</strong></span> <span class='ocrx_word' id='word_1_106' title='bbox 683 1644 759 1709; x_wconf 89' lang='lat' dir='ltr'><strong>huic</strong></span> <span class='ocrx_word' id='word_1_107' title='bbox 783 1642 931 1729; x_wconf 88' lang='lat' dir='ltr'><strong>quamuis</strong></span> <span class='ocrx_word' id='word_1_108' title='bbox 955 1650 1072 1711; x_wconf 89' lang='lat' dir='ltr'><strong>eontra</strong></span> <span class='ocrx_word' id='word_1_109' title='bbox 1095 1669 1146 1712; x_wconf 81' lang='lat' dir='ltr'><strong>ne</strong></span> 
     </span>
     <span class='ocr_line' id='line_1_16' title="bbox 136 1733 1179 1822; baseline 0.005 -24"><span class='ocrx_word' id='word_1_110' title='bbox 136 1734 323 1799; x_wconf 88' lang='lat' dir='ltr'><strong>cessitatem</strong></span> <span class='ocrx_word' id='word_1_111' title='bbox 355 1733 425 1797; x_wconf 87' lang='lat' dir='ltr'><strong>iuta</strong></span> <span class='ocrx_word' id='word_1_112' title='bbox 456 1736 597 1797; x_wconf 89' lang='lat' dir='ltr'><strong>stercore</strong></span> <span class='ocrx_word' id='word_1_113' title='bbox 635 1733 798 1816; x_wconf 91' lang='lat' dir='ltr'><strong>quaelibet</strong></span> <span class='ocrx_word' id='word_1_114' title='bbox 834 1737 922 1797; x_wconf 90' lang='lat' dir='ltr'><strong>terra</strong></span> <span class='ocrx_word' id='word_1_115' title='bbox 960 1737 1179 1822; x_wconf 72' lang='lat' dir='ltr'><strong>conueniatrr</strong></span> 
     </span>
     <span class='ocr_line' id='line_1_17' title="bbox 136 1821 1144 1907; baseline 0.003 -21"><span class='ocrx_word' id='word_1_116' title='bbox 136 1827 246 1886; x_wconf 89' lang='lat' dir='ltr'><strong>tamen</strong></span> <span class='ocrx_word' id='word_1_117' title='bbox 268 1821 348 1886; x_wconf 87' lang='lat' dir='ltr'><strong>haec</strong></span> <span class='ocrx_word' id='word_1_118' title='bbox 376 1842 494 1907; x_wconf 84' lang='lat' dir='ltr'><strong>genera</strong></span> <span class='ocrx_word' id='word_1_119' title='bbox 522 1826 597 1886; x_wconf 90' lang='lat' dir='ltr'><strong>sunt</strong></span> <span class='ocrx_word' id='word_1_120' title='bbox 625 1821 660 1885; x_wconf 93' lang='lat' dir='ltr'><strong>in</strong></span> <span class='ocrx_word' id='word_1_121' title='bbox 687 1821 841 1886; x_wconf 86' lang='lat' dir='ltr'><strong>electione</strong></span> <span class='ocrx_word' id='word_1_122' title='bbox 868 1822 1019 1907; x_wconf 87' lang='lat' dir='ltr'><strong>uitanda,</strong></span> <span class='ocrx_word' id='word_1_123' title='bbox 1047 1829 1144 1902; x_wconf 87' lang='lat' dir='ltr'><strong>creta,</strong></span> 
     </span>
    </p>
   </div>
   <div class='ocr_carea' id='block_1_4' title="bbox 88 1908 1179 2531">
    <p class='ocr_par' dir='ltr' id='par_1_6' title="bbox 88 1908 1179 2531">
     <span class='ocr_line' id='line_1_18' title="bbox 136 1908 1145 1998; baseline 0.003 -22"><span class='ocrx_word' id='word_1_124' title='bbox 136 1934 233 1996; x_wconf 89' lang='lat' dir='ltr'><strong>quam</strong></span> <span class='ocrx_word' id='word_1_125' title='bbox 258 1911 408 1997; x_wconf 80' lang='lat' dir='ltr'><strong>argillam</strong></span> <span class='ocrx_word' id='word_1_126' title='bbox 431 1908 581 1994; x_wconf 87' lang='lat' dir='ltr'><strong>dicimus,</strong></span> <span class='ocrx_word' id='word_1_127' title='bbox 609 1914 706 1994; x_wconf 90' lang='lat' dir='ltr'><strong>atque</strong></span> <span class='ocrx_word' id='word_1_128' title='bbox 730 1911 867 1976; x_wconf 86' lang='lat' dir='ltr'><strong>rubrica.</strong></span> <span class='ocrx_word' id='word_1_129' title='bbox 908 1911 989 1976; x_wconf 91' lang='lat' dir='ltr'><strong>illud</strong></span> <span class='ocrx_word' id='word_1_130' title='bbox 1015 1934 1145 1998; x_wconf 88' lang='lat' dir='ltr'><strong>quoque</strong></span> 
     </span>
     <span class='ocr_line' id='line_1_19' title="bbox 136 1999 1145 2087; baseline 0 -20"><span class='ocrx_word' id='word_1_131' title='bbox 136 1999 300 2067; x_wconf 88' lang='lat' dir='ltr'><strong>custodies</strong></span> <span class='ocrx_word' id='word_1_132' title='bbox 323 1999 357 2064; x_wconf 93' lang='lat' dir='ltr'><strong>in</strong></span> <span class='ocrx_word' id='word_1_133' title='bbox 379 1999 495 2083; x_wconf 90' lang='lat' dir='ltr'><strong>hortis,</strong></span> <span class='ocrx_word' id='word_1_134' title='bbox 520 2021 601 2084; x_wconf 91' lang='lat' dir='ltr'><strong>quos</strong></span> <span class='ocrx_word' id='word_1_135' title='bbox 624 1999 747 2065; x_wconf 91' lang='lat' dir='ltr'><strong>umoris</strong></span> <span class='ocrx_word' id='word_1_136' title='bbox 770 2003 888 2063; x_wconf 85' lang='lat' dir='ltr'><strong>natura</strong></span> <span class='ocrx_word' id='word_1_137' title='bbox 910 2021 977 2065; x_wconf 92' lang='lat' dir='ltr'><strong>non</strong></span> <span class='ocrx_word' id='word_1_138' title='bbox 999 2001 1145 2087; x_wconf 86' lang='lat' dir='ltr'><strong>adiuuat,</strong></span> 
     </span>
     <span class='ocr_line' id='line_1_20' title="bbox 134 2087 1144 2173; baseline 0.001 -17"><span class='ocrx_word' id='word_1_139' title='bbox 134 2094 173 2156; x_wconf 91' lang='lat' dir='ltr'><strong>ut</strong></span> <span class='ocrx_word' id='word_1_140' title='bbox 201 2089 326 2155; x_wconf 89' lang='lat' dir='ltr'><strong>diuidas</strong></span> <span class='ocrx_word' id='word_1_141' title='bbox 353 2093 463 2173; x_wconf 88' lang='lat' dir='ltr'><strong>partes</strong></span> <span class='ocrx_word' id='word_1_142' title='bbox 492 2093 524 2152; x_wconf 91' lang='lat' dir='ltr'><strong>et</strong></span> <span class='ocrx_word' id='word_1_143' title='bbox 552 2089 657 2153; x_wconf 90' lang='lat' dir='ltr'><strong>hieme</strong></span> <span class='ocrx_word' id='word_1_144' title='bbox 684 2088 724 2151; x_wconf 89' lang='lat' dir='ltr'><strong>ad</strong></span> <span class='ocrx_word' id='word_1_145' title='bbox 748 2087 927 2172; x_wconf 84' lang='lat' dir='ltr'><strong>meridiem,</strong></span> <span class='ocrx_word' id='word_1_146' title='bbox 955 2093 1082 2156; x_wconf 91' lang='lat' dir='ltr'><strong>aestate</strong></span> <span class='ocrx_word' id='word_1_147' title='bbox 1106 2093 1144 2156; x_wconf 82' lang='lat' dir='ltr'><strong>ad</strong></span> 
     </span>
     <span class='ocr_line' id='line_1_21' title="bbox 136 2176 1179 2264; baseline -0.003 -20"><span class='ocrx_word' id='word_1_148' title='bbox 136 2179 402 2264; x_wconf 90' lang='lat' dir='ltr'><strong>septemtrionem</strong></span> <span class='ocrx_word' id='word_1_149' title='bbox 426 2176 532 2262; x_wconf 88' lang='lat' dir='ltr'><strong>spatia</strong></span> <span class='ocrx_word' id='word_1_150' title='bbox 556 2177 690 2242; x_wconf 91' lang='lat' dir='ltr'><strong>colenda</strong></span> <span class='ocrx_word' id='word_1_151' title='bbox 713 2181 892 2242; x_wconf 87' lang='lat' dir='ltr'><strong>conuertas.</strong></span> <span class='ocrx_word' id='word_1_152' title='bbox 1157 2209 1179 2247; x_wconf 65' lang='lat' dir='ltr'><strong>a</strong></span> 
     </span>
     <span class='ocr_line' id='line_1_22' title="bbox 88 2264 1142 2350; baseline 0.002 -17"><span class='ocrx_word' id='word_1_153' title='bbox 88 2269 111 2333; x_wconf 88' lang='lat'>4</span> <span class='ocrx_word' id='word_1_154' title='bbox 201 2267 393 2333; x_wconf 89' lang='lat' dir='ltr'><strong>Munitionis</strong></span> <span class='ocrx_word' id='word_1_155' title='bbox 408 2267 508 2331; x_wconf 89' lang='lat' dir='ltr'><strong>multa</strong></span> <span class='ocrx_word' id='word_1_156' title='bbox 523 2269 599 2331; x_wconf 91' lang='lat' dir='ltr'><strong>sunt</strong></span> <span class='ocrx_word' id='word_1_157' title='bbox 613 2287 740 2350; x_wconf 81' lang='lat' dir='ltr'><strong>genera.</strong></span> <span class='ocrx_word' id='word_1_158' title='bbox 764 2264 819 2330; x_wconf 89' lang='lat' dir='ltr'><strong>alii</strong></span> <span class='ocrx_word' id='word_1_159' title='bbox 834 2267 903 2330; x_wconf 90' lang='lat' dir='ltr'><strong>luto</strong></span> <span class='ocrx_word' id='word_1_160' title='bbox 918 2264 1004 2330; x_wconf 91' lang='lat' dir='ltr'><strong>inter</strong></span> <span class='ocrx_word' id='word_1_161' title='bbox 1019 2266 1142 2334; x_wconf 86' lang='lat' dir='ltr'><strong>formas</strong></span> 
     </span>
     <span class='ocr_line' id='line_1_23' title="bbox 135 2353 1145 2441; baseline 0.002 -20"><span class='ocrx_word' id='word_1_162' title='bbox 135 2355 244 2421; x_wconf 88' lang='lat' dir='ltr'><strong>clauso</strong></span> <span class='ocrx_word' id='word_1_163' title='bbox 263 2355 403 2440; x_wconf 88' lang='lat' dir='ltr'><strong>parietes</strong></span> <span class='ocrx_word' id='word_1_164' title='bbox 421 2357 579 2441; x_wconf 85' lang='lat' dir='ltr'><strong>figuratos</strong></span> <span class='ocrx_word' id='word_1_165' title='bbox 596 2378 635 2419; x_wconf 90' lang='lat' dir='ltr'><strong>ex</strong></span> <span class='ocrx_word' id='word_1_166' title='bbox 649 2354 798 2438; x_wconf 89' lang='lat' dir='ltr'><strong>partibus</strong></span> <span class='ocrx_word' id='word_1_167' title='bbox 812 2353 992 2420; x_wconf 87' lang='lat' dir='ltr'><strong>imitantur.</strong></span> <span class='ocrx_word' id='word_1_168' title='bbox 1026 2358 1145 2440; x_wconf 90' lang='lat' dir='ltr'><strong>quibus</strong></span> 
     </span>
     <span class='ocr_line' id='line_1_24' title="bbox 135 2442 1145 2531; baseline 0.004 -23"><span class='ocrx_word' id='word_1_169' title='bbox 135 2445 293 2528; x_wconf 89' lang='lat' dir='ltr'><strong>subpetit,</strong></span> <span class='ocrx_word' id='word_1_170' title='bbox 322 2445 479 2510; x_wconf 89' lang='lat' dir='ltr'><strong>macerias</strong></span> <span class='ocrx_word' id='word_1_171' title='bbox 505 2445 576 2509; x_wconf 90' lang='lat' dir='ltr'><strong>luto</strong></span> <span class='ocrx_word' id='word_1_172' title='bbox 606 2449 639 2509; x_wconf 91' lang='lat' dir='ltr'><strong>et</strong></span> <span class='ocrx_word' id='word_1_173' title='bbox 666 2442 773 2527; x_wconf 90' lang='lat' dir='ltr'><strong>lapide</strong></span> <span class='ocrx_word' id='word_1_174' title='bbox 801 2445 954 2508; x_wconf 85' lang='lat' dir='ltr'><strong>excitant.</strong></span> <span class='ocrx_word' id='word_1_175' title='bbox 995 2446 1145 2531; x_wconf 92' lang='lat' dir='ltr'><strong>plerique</strong></span> 
     </span>
    </p>
   </div>
   <div class='ocr_carea' id='block_1_5' title="bbox 116 2599 1144 3597">
    <p class='ocr_par' dir='ltr' id='par_1_7' title="bbox 116 2599 1144 3597">
     <span class='ocr_line' id='line_1_25' title="bbox 206 2599 1143 2672; baseline 0.004 -19"><span class='ocrx_word' id='word_1_176' title='bbox 206 2607 219 2653; x_wconf 95' lang='lat'>1</span> <span class='ocrx_word' id='word_1_177' title='bbox 239 2600 371 2654; x_wconf 84' lang='lat' dir='ltr'><strong>HORTIS</strong></span> <span class='ocrx_word' id='word_1_178' title='bbox 388 2600 413 2653; x_wconf 83' lang='lat' dir='ltr'><strong><em>G</em></strong></span> <span class='ocrx_word' id='word_1_179' title='bbox 430 2604 433 2669; x_wconf 95' lang='grc'>1</span> <span class='ocrx_word' id='word_1_180' title='bbox 450 2600 566 2667; x_wconf 81' lang='lat' dir='ltr'>SEDIB3</span> <span class='ocrx_word' id='word_1_181' title='bbox 584 2600 661 2670; x_wconf 72' lang='grc'>0112</span> <span class='ocrx_word' id='word_1_182' title='bbox 677 2600 845 2654; x_wconf 91' lang='lat' dir='ltr'><strong>conserendo</strong></span> <span class='ocrx_word' id='word_1_183' title='bbox 860 2603 924 2669; x_wconf 80' lang='lat' dir='ltr'><strong>(pro</strong></span> <span class='ocrx_word' id='word_1_184' title='bbox 938 2599 986 2653; x_wconf 87' lang='grc' dir='ltr'><strong>ΕΤ</strong></span> <span class='ocrx_word' id='word_1_185' title='bbox 1001 2599 1090 2672; x_wconf 83' lang='lat' dir='ltr'>SER.)</span> <span class='ocrx_word' id='word_1_186' title='bbox 1106 2605 1143 2672; x_wconf 84' lang='lat' dir='ltr'><strong>E,</strong></span> 
     </span>
     <span class='ocr_line' id='line_1_26' title="bbox 133 2670 1144 2740; baseline 0.005 -15"><span class='ocrx_word' id='word_1_187' title='bbox 133 2673 162 2725; x_wconf 89' lang='lat' dir='ltr'><strong>et</strong></span> <span class='ocrx_word' id='word_1_188' title='bbox 181 2671 291 2725; x_wconf 88' lang='lat' dir='ltr'><strong>serendi</strong></span> <span class='ocrx_word' id='word_1_189' title='bbox 309 2676 433 2740; x_wconf 89' lang='lat' dir='ltr'><strong>tempore</strong></span> <span class='ocrx_word' id='word_1_190' title='bbox 452 2673 505 2725; x_wconf 82' lang='lat' dir='ltr'><strong>iao</strong></span> <span class='ocrx_word' id='word_1_191' title='bbox 527 2673 536 2740; x_wconf 95' lang='grc'><strong>11</strong></span> <span class='ocrx_word' id='word_1_192' title='bbox 560 2677 575 2723; x_wconf 86' lang='grc'><strong>3</strong></span> <span class='ocrx_word' id='word_1_193' title='bbox 595 2671 699 2724; x_wconf 86' lang='lat' dir='ltr'><strong>debent</strong></span> <span class='ocrx_word' id='word_1_194' title='bbox 717 2672 747 2724; x_wconf 84' lang='lat' dir='ltr'><em>E</em></span> <span class='ocrx_word' id='word_1_195' title='bbox 768 2674 776 2740; x_wconf 95' lang='grc'><strong>11</strong></span> <span class='ocrx_word' id='word_1_196' title='bbox 798 2677 815 2724; x_wconf 85' lang='grc'>4</span> <span class='ocrx_word' id='word_1_197' title='bbox 835 2670 872 2724; x_wconf 90' lang='lat' dir='ltr'><strong>sit</strong></span> <span class='ocrx_word' id='word_1_198' title='bbox 893 2672 1022 2727; x_wconf 72' lang='lat' dir='ltr'><strong>omittunt</strong></span> <span class='ocrx_word' id='word_1_199' title='bbox 1039 2676 1144 2730; x_wconf 79' lang='lat' dir='ltr'><strong>codices</strong></span> 
     </span>
     <span class='ocr_line' id='line_1_27' title="bbox 132 2740 1143 2813; baseline 0.002 -16"><span class='ocrx_word' id='word_1_200' title='bbox 132 2750 157 2798; x_wconf 87' lang='lat' dir='ltr'><strong>et</strong></span> <span class='ocrx_word' id='word_1_201' title='bbox 170 2745 189 2811; x_wconf 80' lang='lat' dir='ltr'><strong>i,</strong></span> <span class='ocrx_word' id='word_1_202' title='bbox 209 2746 237 2796; x_wconf 87' lang='lat' dir='ltr'><strong>et</strong></span> <span class='ocrx_word' id='word_1_203' title='bbox 252 2745 306 2812; x_wconf 87' lang='lat' dir='ltr'><strong>(est</strong></span> <span class='ocrx_word' id='word_1_204' title='bbox 319 2744 414 2812; x_wconf 81' lang='lat' dir='ltr'><strong>supro)</strong></span> <span class='ocrx_word' id='word_1_205' title='bbox 428 2743 489 2796; x_wconf 82' lang='lat' dir='ltr'><strong>bob.</strong></span> <span class='ocrx_word' id='word_1_206' title='bbox 504 2743 531 2795; x_wconf 83' lang='lat' dir='ltr'><strong><em>L</em></strong></span> <span class='ocrx_word' id='word_1_207' title='bbox 547 2745 551 2811; x_wconf 95' lang='grc'>1</span> <span class='ocrx_word' id='word_1_208' title='bbox 568 2741 732 2810; x_wconf 86' lang='lat' dir='ltr'><strong>sterquilino</strong></span> <span class='ocrx_word' id='word_1_209' title='bbox 747 2743 777 2811; x_wconf 98' lang='lat' dir='ltr'><strong>V,</strong></span> <span class='ocrx_word' id='word_1_210' title='bbox 798 2740 997 2810; x_wconf 87' lang='lat' dir='ltr'><strong>sterquililinio</strong></span> <span class='ocrx_word' id='word_1_211' title='bbox 1012 2745 1049 2813; x_wconf 84' lang='lat' dir='ltr'><strong>E,</strong></span> <span class='ocrx_word' id='word_1_212' title='bbox 1070 2748 1143 2799; x_wconf 88' lang='lat' dir='ltr'><strong>ster-</strong></span> 
     </span>
     <span class='ocr_line' id='line_1_28' title="bbox 132 2812 1117 2884; baseline 0.002 -16"><span class='ocrx_word' id='word_1_213' title='bbox 132 2813 251 2884; x_wconf 89' lang='lat' dir='ltr'><strong>quilinio</strong></span> <span class='ocrx_word' id='word_1_214' title='bbox 268 2816 372 2884; x_wconf 76' lang='lat' dir='ltr'><strong>Taepa</strong></span> <span class='ocrx_word' id='word_1_215' title='bbox 387 2816 390 2882; x_wconf 93' lang='grc'>1</span> <span class='ocrx_word' id='word_1_216' title='bbox 408 2813 550 2867; x_wconf 91' lang='lat' dir='ltr'><strong>subiectus</strong></span> <span class='ocrx_word' id='word_1_217' title='bbox 570 2812 607 2866; x_wconf 90' lang='lat' dir='ltr'><strong>sit</strong></span> <span class='ocrx_word' id='word_1_218' title='bbox 625 2815 655 2866; x_wconf 95' lang='grc' dir='ltr'><strong>Ε</strong></span> <span class='ocrx_word' id='word_1_219' title='bbox 676 2815 685 2882; x_wconf 96' lang='grc'><strong>11</strong></span> <span class='ocrx_word' id='word_1_220' title='bbox 708 2819 724 2866; x_wconf 84' lang='grc'>5</span> <span class='ocrx_word' id='word_1_221' title='bbox 743 2829 807 2867; x_wconf 88' lang='lat' dir='ltr'><strong>eum</strong></span> <span class='ocrx_word' id='word_1_222' title='bbox 825 2831 873 2868; x_wconf 86' lang='lat' dir='ltr'><strong>om.</strong></span> <span class='ocrx_word' id='word_1_223' title='bbox 893 2814 958 2884; x_wconf 72' lang='lat' dir='ltr'><strong>Quo</strong></span> <span class='ocrx_word' id='word_1_224' title='bbox 974 2813 977 2883; x_wconf 96' lang='grc'>1</span> <span class='ocrx_word' id='word_1_225' title='bbox 995 2831 1078 2869; x_wconf 90' lang='lat' dir='ltr'><strong>succo</strong></span> <span class='ocrx_word' id='word_1_226' title='bbox 1098 2835 1117 2870; x_wconf 88' lang='lat' dir='ltr'>a</span> 
     </span>
     <span class='ocr_line' id='line_1_29' title="bbox 132 2884 1143 2960; baseline 0.002 -21"><span class='ocrx_word' id='word_1_227' title='bbox 132 2885 202 2940; x_wconf 90' lang='lat' dir='ltr'><strong>situs</strong></span> <span class='ocrx_word' id='word_1_228' title='bbox 222 2884 261 2939; x_wconf 90' lang='lat' dir='ltr'><strong>sit</strong></span> <span class='ocrx_word' id='word_1_229' title='bbox 278 2904 304 2954; x_wconf 87' lang='lat' dir='ltr'><strong>a,</strong></span> <span class='ocrx_word' id='word_1_230' title='bbox 325 2885 394 2939; x_wconf 90' lang='lat' dir='ltr'><strong>situs</strong></span> <span class='ocrx_word' id='word_1_231' title='bbox 414 2884 474 2956; x_wconf 86' lang='lat' dir='ltr'><strong>[sit]</strong></span> <span class='ocrx_word' id='word_1_232' title='bbox 493 2901 547 2955; x_wconf 75' lang='lat' dir='ltr'><strong>aps</strong></span> <span class='ocrx_word' id='word_1_233' title='bbox 564 2886 574 2953; x_wconf 95' lang='grc'><strong>11</strong></span> <span class='ocrx_word' id='word_1_234' title='bbox 597 2891 613 2938; x_wconf 88' lang='grc'><strong>6</strong></span> <span class='ocrx_word' id='word_1_235' title='bbox 632 2885 777 2954; x_wconf 85' lang='lat' dir='ltr'><strong>palearum</strong></span> <span class='ocrx_word' id='word_1_236' title='bbox 795 2902 844 2939; x_wconf 87' lang='lat' dir='ltr'><strong>om.</strong></span> <span class='ocrx_word' id='word_1_237' title='bbox 860 2885 887 2937; x_wconf 90' lang='lat' dir='ltr'><em>L</em></span> <span class='ocrx_word' id='word_1_238' title='bbox 900 2886 909 2954; x_wconf 96' lang='grc'><strong>11</strong></span> <span class='ocrx_word' id='word_1_239' title='bbox 931 2890 945 2937; x_wconf 79' lang='lat'>7</span> <span class='ocrx_word' id='word_1_240' title='bbox 964 2884 1068 2939; x_wconf 85' lang='lat' dir='ltr'><strong>leuiter</strong></span> <span class='ocrx_word' id='word_1_241' title='bbox 1085 2888 1119 2941; x_wconf 88' lang='grc' dir='ltr'><strong>Ε</strong></span> <span class='ocrx_word' id='word_1_242' title='bbox 1140 2890 1143 2960; x_wconf 90' lang='grc'>1</span> 
     </span>
     <span class='ocr_line' id='line_1_30' title="bbox 132 2955 1143 3026; baseline 0.003 -16"><span class='ocrx_word' id='word_1_243' title='bbox 132 2963 147 3010; x_wconf 86' lang='grc'>8</span> <span class='ocrx_word' id='word_1_244' title='bbox 167 2955 312 3011; x_wconf 89' lang='lat' dir='ltr'><strong>deriuatur</strong></span> <span class='ocrx_word' id='word_1_245' title='bbox 330 2958 361 3022; x_wconf 88' lang='lat' dir='ltr'><strong>V,</strong></span> <span class='ocrx_word' id='word_1_246' title='bbox 381 2955 487 3009; x_wconf 92' lang='lat' dir='ltr'><strong>diriuat</strong></span> <span class='ocrx_word' id='word_1_247' title='bbox 507 2955 532 3009; x_wconf 82' lang='lat' dir='ltr'><em>G</em></span> <span class='ocrx_word' id='word_1_248' title='bbox 555 2957 564 3024; x_wconf 94' lang='grc'><strong>11</strong></span> <span class='ocrx_word' id='word_1_249' title='bbox 587 2961 602 3008; x_wconf 86' lang='lat'>9</span> <span class='ocrx_word' id='word_1_250' title='bbox 621 2972 744 3024; x_wconf 91' lang='lat' dir='ltr'><strong>nequeas</strong></span> <span class='ocrx_word' id='word_1_251' title='bbox 762 2956 816 3010; x_wconf 90' lang='lat' dir='ltr'><strong>hoc</strong></span> <span class='ocrx_word' id='word_1_252' title='bbox 833 2957 907 3026; x_wconf 81' lang='lat' dir='ltr'><strong>iupa</strong></span> <span class='ocrx_word' id='word_1_253' title='bbox 929 2957 938 3024; x_wconf 95' lang='grc'><strong>11</strong></span> <span class='ocrx_word' id='word_1_254' title='bbox 962 2961 996 3008; x_wconf 88' lang='grc'><strong>10</strong></span> <span class='ocrx_word' id='word_1_255' title='bbox 1015 2960 1060 3011; x_wconf 91' lang='lat' dir='ltr'><strong>est</strong></span> <span class='ocrx_word' id='word_1_256' title='bbox 1077 2975 1143 3012; x_wconf 89' lang='lat' dir='ltr'><strong>con-</strong></span> 
     </span>
     <span class='ocr_line' id='line_1_31' title="bbox 132 3027 1142 3098; baseline 0.003 -17"><span class='ocrx_word' id='word_1_257' title='bbox 132 3028 266 3082; x_wconf 87' lang='lat' dir='ltr'><strong>struenda</strong></span> <span class='ocrx_word' id='word_1_258' title='bbox 284 3029 311 3096; x_wconf 78' lang='lat' dir='ltr'><strong>S,</strong></span> <span class='ocrx_word' id='word_1_259' title='bbox 332 3028 518 3082; x_wconf 90' lang='lat' dir='ltr'><strong>construenda</strong></span> <span class='ocrx_word' id='word_1_260' title='bbox 537 3029 580 3079; x_wconf 89' lang='lat' dir='ltr'><strong>est</strong></span> <span class='ocrx_word' id='word_1_261' title='bbox 598 3028 662 3096; x_wconf 79' lang='lat' dir='ltr'><strong>iae,</strong></span> <span class='ocrx_word' id='word_1_262' title='bbox 682 3027 868 3081; x_wconf 86' lang='lat' dir='ltr'><strong>construenda</strong></span> <span class='ocrx_word' id='word_1_263' title='bbox 887 3027 953 3098; x_wconf 89' lang='lat' dir='ltr'><strong>[est]</strong></span> <span class='ocrx_word' id='word_1_264' title='bbox 973 3044 1010 3098; x_wconf 79' lang='lat' dir='ltr'><strong>ep</strong></span> <span class='ocrx_word' id='word_1_265' title='bbox 1035 3030 1039 3098; x_wconf 96' lang='grc'>1</span> <span class='ocrx_word' id='word_1_266' title='bbox 1062 3028 1142 3084; x_wconf 88' lang='lat' dir='ltr'><strong>illinc</strong></span> 
     </span>
     <span class='ocr_line' id='line_1_32' title="bbox 131 3097 1142 3170; baseline 0.001 -16"><span class='ocrx_word' id='word_1_267' title='bbox 131 3117 207 3170; x_wconf 80' lang='lat' dir='ltr'><strong>acps</strong></span> <span class='ocrx_word' id='word_1_268' title='bbox 223 3103 227 3170; x_wconf 97' lang='grc'>1</span> <span class='ocrx_word' id='word_1_269' title='bbox 244 3101 440 3153; x_wconf 89' lang='lat' dir='ltr'><strong>consternante</strong></span> <span class='ocrx_word' id='word_1_270' title='bbox 455 3101 547 3167; x_wconf 72' lang='grc' dir='ltr'>ρ1114</span> <span class='ocrx_word' id='word_1_271' title='bbox 566 3097 688 3167; x_wconf 85' lang='lat' dir='ltr'><strong>negligit</strong></span> <span class='ocrx_word' id='word_1_272' title='bbox 705 3099 750 3167; x_wconf 72' lang='lat' dir='ltr'><strong>is!</strong></span> <span class='ocrx_word' id='word_1_273' title='bbox 771 3105 803 3151; x_wconf 80' lang='lat'><strong>15</strong></span> <span class='ocrx_word' id='word_1_274' title='bbox 822 3098 898 3151; x_wconf 87' lang='lat' dir='ltr'><strong>iusta</strong></span> <span class='ocrx_word' id='word_1_275' title='bbox 914 3098 948 3166; x_wconf 89' lang='lat' dir='ltr'><strong>L,</strong></span> <span class='ocrx_word' id='word_1_276' title='bbox 968 3097 1031 3152; x_wconf 85' lang='lat' dir='ltr'><strong>iuta</strong></span> <span class='ocrx_word' id='word_1_277' title='bbox 1049 3102 1091 3169; x_wconf 89' lang='lat' dir='ltr'><strong>(ta</strong></span> <span class='ocrx_word' id='word_1_278' title='bbox 1110 3102 1142 3155; x_wconf 78' lang='lat' dir='ltr'><strong>in</strong></span> 
     </span>
     <span class='ocr_line' id='line_1_33' title="bbox 130 3168 1109 3240; baseline 0 -15"><span class='ocrx_word' id='word_1_279' title='bbox 130 3173 240 3240; x_wconf 72' lang='lat' dir='ltr'><strong>resnou)</strong></span> <span class='ocrx_word' id='word_1_280' title='bbox 260 3172 291 3239; x_wconf 90' lang='lat' dir='ltr'><strong>V,</strong></span> <span class='ocrx_word' id='word_1_281' title='bbox 315 3170 400 3223; x_wconf 88' lang='lat' dir='ltr'><strong>mista</strong></span> <span class='ocrx_word' id='word_1_282' title='bbox 422 3171 537 3239; x_wconf 71' lang='lat' dir='ltr'><strong>iucpslt</strong></span> <span class='ocrx_word' id='word_1_283' title='bbox 552 3175 585 3222; x_wconf 89' lang='grc'><strong>16</strong></span> <span class='ocrx_word' id='word_1_284' title='bbox 609 3172 686 3222; x_wconf 86' lang='lat' dir='ltr'><strong>creta</strong></span> <span class='ocrx_word' id='word_1_285' title='bbox 710 3168 750 3221; x_wconf 91' lang='lat' dir='ltr'><strong>sei</strong></span> <span class='ocrx_word' id='word_1_286' title='bbox 762 3168 818 3222; x_wconf 90' lang='lat' dir='ltr'><strong>icet</strong></span> <span class='ocrx_word' id='word_1_287' title='bbox 836 3170 867 3223; x_wconf 89' lang='lat' dir='ltr'><em>E</em></span> <span class='ocrx_word' id='word_1_288' title='bbox 878 3171 887 3239; x_wconf 93' lang='grc'><strong>11</strong></span> <span class='ocrx_word' id='word_1_289' title='bbox 903 3174 935 3221; x_wconf 77' lang='grc'><strong>17</strong></span> <span class='ocrx_word' id='word_1_290' title='bbox 955 3168 1059 3240; x_wconf 81' lang='lat' dir='ltr'><strong>argilla</strong></span> <span class='ocrx_word' id='word_1_291' title='bbox 1081 3171 1109 3225; x_wconf 86' lang='lat' dir='ltr'><em>L</em></span> 
     </span>
     <span class='ocr_line' id='line_1_34' title="bbox 132 3240 1135 3314; baseline 0.003 -20"><span class='ocrx_word' id='word_1_292' title='bbox 132 3241 302 3296; x_wconf 86' lang='lat' dir='ltr'><strong>rubricunda</strong></span> <span class='ocrx_word' id='word_1_293' title='bbox 320 3243 350 3295; x_wconf 90' lang='grc' dir='ltr'><strong>Ε</strong></span> <span class='ocrx_word' id='word_1_294' title='bbox 361 3244 370 3311; x_wconf 96' lang='grc'><strong>11</strong></span> <span class='ocrx_word' id='word_1_295' title='bbox 385 3248 417 3295; x_wconf 85' lang='grc'><strong>19</strong></span> <span class='ocrx_word' id='word_1_296' title='bbox 438 3240 549 3294; x_wconf 90' lang='lat' dir='ltr'><strong>diuidat</strong></span> <span class='ocrx_word' id='word_1_297' title='bbox 568 3241 598 3293; x_wconf 84' lang='lat' dir='ltr'><em>F</em></span> <span class='ocrx_word' id='word_1_298' title='bbox 611 3242 615 3311; x_wconf 96' lang='grc'>1</span> <span class='ocrx_word' id='word_1_299' title='bbox 630 3256 681 3309; x_wconf 91' lang='lat' dir='ltr'><strong>per</strong></span> <span class='ocrx_word' id='word_1_300' title='bbox 698 3242 793 3308; x_wconf 89' lang='lat' dir='ltr'><strong>partes</strong></span> <span class='ocrx_word' id='word_1_301' title='bbox 812 3258 859 3309; x_wconf 83' lang='lat' dir='ltr'><strong>as,</strong></span> <span class='ocrx_word' id='word_1_302' title='bbox 880 3241 952 3311; x_wconf 88' lang='lat' dir='ltr'><strong>[per]</strong></span> <span class='ocrx_word' id='word_1_303' title='bbox 971 3243 1067 3310; x_wconf 83' lang='lat' dir='ltr'><strong>partes</strong></span> <span class='ocrx_word' id='word_1_304' title='bbox 1082 3244 1135 3314; x_wconf 70' lang='lat' dir='ltr'><strong>cpl</strong></span> 
     </span>
     <span class='ocr_line' id='line_1_35' title="bbox 133 3310 1140 3382; baseline 0.004 -19"><span class='ocrx_word' id='word_1_305' title='bbox 133 3316 166 3364; x_wconf 82' lang='lat'><strong>20</strong></span> <span class='ocrx_word' id='word_1_306' title='bbox 186 3312 279 3382; x_wconf 88' lang='lat' dir='ltr'><strong>spatia</strong></span> <span class='ocrx_word' id='word_1_307' title='bbox 298 3313 415 3367; x_wconf 90' lang='lat' dir='ltr'><strong>colenda</strong></span> <span class='ocrx_word' id='word_1_308' title='bbox 434 3329 517 3381; x_wconf 69' lang='lat' dir='ltr'><strong>orep</strong></span> <span class='ocrx_word' id='word_1_309' title='bbox 543 3313 552 3381; x_wconf 93' lang='grc'><strong>11</strong></span> <span class='ocrx_word' id='word_1_310' title='bbox 580 3318 612 3365; x_wconf 80' lang='lat'><strong>21</strong></span> <span class='ocrx_word' id='word_1_311' title='bbox 632 3311 742 3364; x_wconf 88' lang='lat' dir='ltr'><strong>Debent</strong></span> <span class='ocrx_word' id='word_1_312' title='bbox 765 3310 851 3364; x_wconf 89' lang='lat' dir='ltr'><strong>etiam</strong></span> <span class='ocrx_word' id='word_1_313' title='bbox 868 3310 942 3365; x_wconf 90' lang='lat' dir='ltr'><strong>horti</strong></span> <span class='ocrx_word' id='word_1_314' title='bbox 962 3327 1022 3366; x_wconf 90' lang='lat' dir='ltr'><strong>esse</strong></span> <span class='ocrx_word' id='word_1_315' title='bbox 1042 3313 1140 3382; x_wconf 90' lang='lat' dir='ltr'><strong>clausi,</strong></span> 
     </span>
     <span class='ocr_line' id='line_1_36' title="bbox 133 3383 1142 3457; baseline 0.004 -23"><span class='ocrx_word' id='word_1_316' title='bbox 133 3383 181 3435; x_wconf 92' lang='lat' dir='ltr'><strong>sed</strong></span> <span class='ocrx_word' id='word_1_317' title='bbox 200 3383 362 3438; x_wconf 89' lang='lat' dir='ltr'><strong>munitionis</strong></span> <span class='ocrx_word' id='word_1_318' title='bbox 381 3401 429 3452; x_wconf 82' lang='lat' dir='ltr'><strong>aa,</strong></span> <span class='ocrx_word' id='word_1_319' title='bbox 453 3383 564 3437; x_wconf 88' lang='lat' dir='ltr'><strong>Debent</strong></span> <span class='ocrx_word' id='word_1_320' title='bbox 578 3415 613 3422; x_wconf 99' lang='lat'><strong>—</strong></span> <span class='ocrx_word' id='word_1_321' title='bbox 628 3383 676 3436; x_wconf 93' lang='lat' dir='ltr'><strong>sed</strong></span> <span class='ocrx_word' id='word_1_322' title='bbox 695 3383 757 3436; x_wconf 79' lang='lat' dir='ltr'><strong>incl.</strong></span> <span class='ocrx_word' id='word_1_323' title='bbox 772 3400 808 3452; x_wconf 81' lang='lat' dir='ltr'><strong>cp</strong></span> <span class='ocrx_word' id='word_1_324' title='bbox 837 3384 840 3452; x_wconf 97' lang='grc'>1</span> <span class='ocrx_word' id='word_1_325' title='bbox 873 3398 977 3452; x_wconf 81' lang='lat' dir='ltr'><strong>genera</strong></span> <span class='ocrx_word' id='word_1_326' title='bbox 1000 3387 1067 3438; x_wconf 90' lang='lat' dir='ltr'><strong>sunt</strong></span> <span class='ocrx_word' id='word_1_327' title='bbox 1084 3385 1116 3438; x_wconf 88' lang='grc' dir='ltr'><strong>Ε</strong></span> <span class='ocrx_word' id='word_1_328' title='bbox 1138 3386 1142 3457; x_wconf 94' lang='grc'>1</span> 
     </span>
     <span class='ocr_line' id='line_1_37' title="bbox 133 3386 1140 3529; baseline 0.005 -24"><span class='ocrx_word' id='word_1_329' title='bbox 133 3459 166 3505; x_wconf 78' lang='lat'><strong>22</strong></span> <span class='ocrx_word' id='word_1_330' title='bbox 186 3469 219 3506; x_wconf 89' lang='lat' dir='ltr'><strong>ex</strong></span> <span class='ocrx_word' id='word_1_331' title='bbox 237 3453 371 3508; x_wconf 81' lang='lat' dir='ltr'><strong>lateribus</strong></span> <span class='ocrx_word' id='word_1_332' title='bbox 388 3457 462 3526; x_wconf 77' lang='lat' dir='ltr'><strong>iupa</strong></span> <span class='ocrx_word' id='word_1_333' title='bbox 477 3458 481 3524; x_wconf 95' lang='grc'>1</span> <span class='ocrx_word' id='word_1_334' title='bbox 498 3453 600 3524; x_wconf 91' lang='lat' dir='ltr'><strong>quibus</strong></span> <span class='ocrx_word' id='word_1_335' title='bbox 615 3452 696 3523; x_wconf 87' lang='lat' dir='ltr'><strong>eopia</strong></span> <span class='ocrx_word' id='word_1_336' title='bbox 710 3453 835 3522; x_wconf 89' lang='lat' dir='ltr'><strong>suppetit</strong></span> <span class='ocrx_word' id='word_1_337' title='bbox 847 3471 896 3522; x_wconf 83' lang='lat' dir='ltr'><strong>ae,</strong></span> <span class='ocrx_word' id='word_1_338' title='bbox 916 3452 1018 3521; x_wconf 88' lang='lat' dir='ltr'><strong>quibus</strong></span> <span class='ocrx_word' id='word_1_339' title='bbox 1033 3386 1140 3529; x_wconf 81' lang='lat' dir='ltr'><strong>[copial</strong></span> 
     </span>
     <span class='ocr_line' id='line_1_38' title="bbox 116 3523 826 3597; baseline 0.007 -25"><span class='ocrx_word' id='word_1_340' title='bbox 116 3523 248 3589; x_wconf 72' lang='lat' dir='ltr'><strong>suppetit</strong></span> <span class='ocrx_word' id='word_1_341' title='bbox 265 3529 328 3596; x_wconf 64' lang='lat' dir='ltr'><strong>eps!</strong></span> <span class='ocrx_word' id='word_1_342' title='bbox 340 3533 376 3581; x_wconf 82' lang='lat'><strong>23</strong></span> <span class='ocrx_word' id='word_1_343' title='bbox 392 3525 534 3584; x_wconf 88' lang='lat' dir='ltr'><strong>maceries</strong></span> <span class='ocrx_word' id='word_1_344' title='bbox 553 3526 583 3581; x_wconf 83' lang='lat' dir='ltr'><strong><em>E</em></strong></span> <span class='ocrx_word' id='word_1_345' title='bbox 598 3528 605 3597; x_wconf 96' lang='grc'>1</span> <span class='ocrx_word' id='word_1_346' title='bbox 621 3523 781 3581; x_wconf 83' lang='lat' dir='ltr'><strong>excitantur</strong></span> <span class='ocrx_word' id='word_1_347' title='bbox 801 3526 826 3578; x_wconf 84' lang='lat' dir='ltr'>E</span> 
     </span>
    </p>
   </div>
   <div class='ocr_carea' id='block_1_6' title="bbox 0 0 1194 3832">
    <p class='ocr_par' dir='ltr' id='par_1_8' title="bbox 0 0 1194 3832">
     <span class='ocr_line' id='line_1_39' title="bbox 0 0 1194 3832; baseline 0 0"><span class='ocrx_word' id='word_1_348' title='bbox 0 0 1194 3832; x_wconf 95' lang='lat' dir='ltr'><strong> </strong></span> 
     </span>
    </p>
   </div>
  </div>
 </body>
</html>
