2378 3832
447 173 566 229 AGRIC.
580 175 607 228 H
622 180 726 228 13-14
888 170 892 177 ’
1047 176 1089 240 59

28 318 39 357 ῑ
107 322 161 398 post
176 319 302 385 calcata
320 319 454 385 adsiduo
473 325 561 385 terra
580 321 697 385 effossa
716 321 881 385 solidetur.
912 321 941 386 si
956 343 1090 405 campus

28 409 38 482 ’ξ
106 410 151 490 est,
173 409 299 474 duobus
323 409 420 474 semis
444 410 580 493 pedibus
607 409 803 494 pastinetur,
832 410 860 474 si
889 410 1007 494 clivus,
1034 411 1092 474 tri-

28 497 36 536 '·
105 491 157 577 bus,
191 499 284 564 collis
310 503 505 583 praeruptus
534 503 702 583 quattuor,
729 521 770 562 ne
799 499 896 564 citius
924 504 1012 563 terra
1040 499 1092 563 dc·

28 586 33 625 '-
103 592 202 670 currat,
233 586 331 652 uallis
359 588 484 652 duobus
512 588 657 672 pedibus.
704 588 759 652 sed
788 609 866 672 ager
897 587 1091 672 uliginosuS,

28 690 30 694 ·
83 673 142 753 equi
159 697 288 741 umores
312 676 411 740 altius
429 675 537 741 fossus
557 681 686 742 eructat
704 676 790 741 sicut
808 677 996 742 rauennatis
1019 678 1090 760 soli,

100 779 147 827 non
173 765 313 848 amplius
347 787 444 849 quam
472 765 507 829 in
533 767 649 850 pedem
676 765 774 830 semis
804 765 964 830 effoditur.
1009 766 1091 830 illud
1115 767 1134 832 8

99 855 311 936 experimentis
338 853 481 919 adsiduis
510 854 742 938 conprehendi,
770 854 855 920 uites
880 856 995 920 melius
1019 879 1092 940 pro-

98 942 199 1023 uenire,
223 943 251 1007 si
274 943 327 1008 uel
352 943 467 1007 statim
489 943 597 1008 fossae
617 948 722 1008 terrae
742 944 794 1007 uel
812 965 879 1009 non
897 943 995 1029 longe
1015 949 1091 1010 ante

95 1036 278 1117 pargantur,
308 1055 382 1097 cum
410 1036 520 1096 tumor
541 1033 665 1117 pastini
687 1033 831 1097 nondum
855 1034 993 1116 repetita
1017 1033 1091 1097 soli-

67 1117 182 1186 uditate
201 1121 356 1186 subsedit.
388 1121 452 1186 hoc
471 1143 599 1207 quoque
618 1122 653 1185 in
670 1120 826 1187 faciendis
845 1121 944 1187 sulcis
960 1126 992 1186 et
1006 1143 1092 1186 scro-

94 1204 176 1274 bibus
200 1210 392 1294 adprobaui,
415 1211 555 1274 maxime
578 1211 636 1275 ubi
659 1211 830 1275 mediocris
855 1214 905 1275 est
928 1214 1023 1274 terra.

460 1439 714 1529 nagnonrrs.

146 1563 259 1630 Mense
288 1565 435 1632 ianuario
463 1567 591 1632 lactuca
619 1567 754 1631 serenda
782 1570 831 1632 est
861 1568 914 1632 uel
944 1567 998 1631 de·
1043 1565 1145 1631 XIIII

83 1654 211 1737 cambri,
230 1659 268 1718 ut
285 1656 399 1740 planta
417 1655 486 1719 eius
505 1655 670 1720 februario
690 1655 913 1721 transferatur.
946 1657 1091 1740 itemque

50 1768 68 1808 ιε
81 1742 244 1809 februario
273 1743 405 1828 seritur,
437 1749 475 1808 ut
502 1745 607 1828 possIt
640 1745 735 1830 aprili
769 1767 877 1809 mense
909 1745 1090 1809 transferri.

80 1833 135 1896 sed
159 1838 284 1898 certum
308 1837 359 1898 est
383 1856 455 1898 eam
478 1837 551 1899 toto
575 1857 658 1899 anno
681 1835 763 1898 bene
788 1835 860 1916 seri,
886 1833 914 1898 si
936 1835 1027 1899 locus
1046 1833 1091 1897 sit

79 1922 194 2005 lactus,
218 1926 427 2004 stercoratus
451 1922 608 2007 inriguus.
646 1926 820 2007 antequam
843 1927 1016 2008 pangatur,
1038 1944 1091 1986 ra-

78 2010 166 2075 dices
190 2010 260 2074 eius
283 2032 463 2076 resecemus
487 2011 666 2095 aequaliter
693 2016 727 2076 et
754 2011 878 2095 liquido
906 2012 983 2075 fimo
1007 2012 1090 2076 lina-

80 2121 168 2163 mus:
196 2100 249 2163 uel
277 2121 360 2183 quae
388 2099 455 2163 iam
481 2103 618 2184 panctae
647 2104 736 2184 sunt,
764 2101 903 2164 nudatae
929 2100 1091 2164 laetamen

37 2215 64 2253 ac
79 2186 249 2270 accipiant.
293 2192 404 2252 amant
428 2188 535 2254 solum
558 2190 743 2271 subactum,
771 2189 906 2273 pingue,
934 2189 1088 2270 umidum,
1113 2190 1134 2252 2

79 2281 306 2341 stercoratum.
343 2277 429 2342 inter
451 2278 511 2342 has
530 2278 633 2342 herba
651 2299 749 2341 manu
769 2281 820 2341 est
839 2277 1007 2340 euellenda
1024 2298 1090 2340 non

78 2365 217 2430 sarculo.
254 2366 354 2432 latior
371 2366 418 2450 fit,
437 2367 465 2430 si
485 2389 559 2430 rara
577 2370 719 2450 ponatur
742 2366 803 2445 uel,
823 2388 897 2430 cum
914 2365 1091 2450 producere

77 2454 215 2537 incipiet
239 2455 372 2538 caulem,
396 2478 433 2519 eo
457 2455 574 2519 leuiter
597 2456 700 2520 inciso
724 2456 820 2540 gleba
842 2459 1009 2538 prematur
1033 2459 1091 2519 aut

153 2686 166 2733 1
187 2683 278 2741 terrac
297 2681 372 2735 fossa
392 2683 485 2736 PLV
509 2685 518 2752 11
545 2690 561 2736 2
585 2682 715 2753 passibus
734 2683 764 2735 E
788 2684 791 2753 1
817 2682 901 2753 Siglis
925 2682 1015 2736 tribus
1034 2684 1065 2736 E

79 2759 96 2805 3
115 2752 314 2822 ne-pedibus
333 2757 469 2824 01111114
489 2754 573 2808 uallis
592 2755 638 2808 uel
652 2754 776 2821 VSEF,
795 2753 877 2807 vallis
895 2769 959 2807 vero
974 2755 1067 2823 iucps

79 2829 95 2876 5
114 2823 244 2877 humores
263 2841 328 2878 suos
348 2823 433 2878 altius
452 2826 483 2878 E
497 2827 501 2897 1
517 2825 664 2879 ravennati
683 2826 713 2879 E
728 2827 737 2894 11
757 2831 772 2879 6
791 2824 895 2877 nonin
914 2824 1033 2894 amplius
1052 2825 1064 2876 c'
1084 2824 1088 2894 1

79 2911 166 2963 quam
187 2895 296 2964 pedcp
325 2896 329 2966 1
359 2895 510 2950 effodiatur
532 2897 710 2966 Ech'acps
737 2897 745 2965 11
777 2902 791 2948 7
816 2895 915 2949 melius
938 2895 1011 2948 uites
1035 2895 1065 2947 Ε
1081 2893 1091 2965 11

79 2971 95 3019 8
114 2969 207 3020 terrae
221 2967 313 3020 om.E
326 2970 331 3036 1
346 2985 403 3021 non
421 2959 471 3022 dm.
485 2969 507 3038 Q
521 2971 560 3038 119
579 2967 669 3037 petita
687 2969 714 3022 L
728 2969 736 3036 11
752 2972 785 3020 10
799 2967 869 3020 haec
882 2965 1088 3036 TGFiucpst

80 3037 164 3090 sulcis
183 3054 268 3106 om.p
290 3041 299 3107 11
324 3045 356 3092 12
375 3039 415 3092 IN
433 3039 543 3093 Hortis:
564 3038 594 3091 in
613 3055 644 3092 eo
664 3038 699 3091 de
718 3038 830 3092 lactuca
848 3036 987 3090 nasturtio
1007 3053 1091 3090 eruca

79 3108 209 3162 caulibus
229 3108 296 3162 allio
315 3109 338 3162 dc
356 3109 451 3180 quico
470 3112 493 3178 i,
513 3110 554 3162 De
573 3109 675 3178 hortis,
694 3109 724 3162 in
744 3126 776 3163 eo
795 3116 840 3163 etc.
857 3127 887 3175 a,
907 3107 937 3159 in
955 3123 988 3160 eo
1007 3123 1057 3160 om.
1077 3125 1091 3161 c

79 3187 166 3234 cetera
181 3181 285 3249 praed,
305 3180 353 3232 DE
372 3181 539 3235 LACTVOA
558 3181 588 3234 E
608 3184 617 3249 11
646 3187 679 3234 14
696 3182 768 3234 Item
787 3181 816 3233 Ε
840 3182 849 3248 11
873 3185 904 3231 15
923 3177 1019 3246 posint
1037 3180 1064 3232 1,
1082 3179 1091 3250 11

80 3257 112 3304 16
132 3268 167 3304 ea
186 3252 212 3305 L
229 3252 232 3316 Ι
250 3250 274 3304 si
292 3252 383 3322 011111
405 3255 414 3322 11
439 3259 470 3305 17
490 3254 651 3321 panguntur
670 3252 696 3305 V
715 3255 724 3320 11
749 3259 782 3306 18
801 3250 942 3319 tingamur
956 3267 990 3317 p,
1009 3248 1091 3302 linia-

78 3340 140 3375 mus
160 3322 217 3389 Et,
236 3321 247 3374 i
266 3330 329 3377 ante
350 3339 367 3375 a
385 3341 453 3379 eras,
471 3324 496 3377 G
519 3326 527 3393 11
552 3329 585 3376 19
604 3323 650 3376 uel
669 3340 718 3377 oni.
731 3342 766 3392 p,
785 3323 876 3375 tants
901 3324 904 3388 1
934 3323 1037 3390 pant-ae
1059 3321 1090 3391 Q,

78 3396 181 3462 pactae
200 3393 357 3464 SETcps,
398 3397 461 3448 acta
482 3395 507 3448 G
529 3398 539 3464 11
562 3400 595 3447 20
620 3394 762 3462 accipiunt
780 3394 810 3446 Ε
831 3395 840 3461 11
864 3399 895 3445 21
916 3392 1017 3445 herbas
1039 3393 1065 3447 G
1084 3394 1087 3463 1

79 3464 212 3517 uellenda
232 3465 297 3533 θΕ,
323 3413 471 3519 euciienda
490 3468 533 3521 est
551 3467 644 3540 iacps
670 3468 684 3540 11
708 3473 744 3521 ‘tr
764 3483 831 3521 cum
847 3464 941 3535 0th
959 3466 1040 3533 1191
1051 3463 1101 3513 'm-

71 3533 160 3598 oipiat
178 3534 209 3599 θ,
230 3550 280 3588 om.
290 3553 317 3603 p
329 3538 339 3608 1
352 3536 458 3592 leniter
472 3558 496 3612 p
512 3543 516 3613 1
534 3539 632 3599 incisa
651 3542 679 3600 Ε
695 3543 848 3617 tpenatun
866 3557 887 3612 p
