2378 3832
463 150 717 226 lamburn-e
1053 173 1095 237 73

86 360 146 434 DE
175 367 385 436 SERENDA
411 367 678 454 LENTIOVLA,
705 369 815 435 ITEM
843 367 1095 437 OlonRoVLa

153 495 225 561 Hoc
248 495 348 560 etiam
371 516 480 560 mense
503 495 692 562 lenticulam
712 517 798 560 seres
818 495 888 560 solo
907 497 997 560 tenui
1016 501 1050 561 et
1081 495 1149 562 IIII

79 585 232 650 resoluto
259 584 313 649 uel
339 583 441 650 etiam
468 584 597 670 pingui,
630 585 685 650 sed
717 585 803 650 sicco
833 585 987 668 maxime,
1019 587 1097 671 quia

76 661 216 738 luxuria
239 677 272 738 et
294 695 407 739 umore
427 674 654 758 corrumpitur.
691 695 794 759 usque
813 674 854 738 ad
873 673 1095 741 duodecimam

10 760 12 791 ³
56 749 199 827 ⁵¹¹111am
217 764 299 827 bene
319 762 507 847 seminatur,
531 785 613 846 quae
632 767 669 828 ut
688 765 754 828 cito
775 765 867 827 exeat
886 766 983 847 atque
1003 786 1096 850 gran-

70 836 213 938 deseca,
240 849 330 937 prius
357 873 431 916 cum
453 851 523 915 fimi
542 851 693 916 ariditate
718 852 881 916 miscenda
904 857 966 916 est:
998 856 1096 939 atque

68 929 149 1004 llbi
169 940 217 1005 ita
239 939 437 1024 requieuerit
459 943 616 1025 quattuor
637 940 750 1006 diebus
770 944 828 1005 aut
846 940 996 1026 quinque,
1018 945 1097 1008 tunc

66 1029 265 1116 ⁸pargitur.
301 1029 451 1114 iugerum
475 1029 576 1093 modii
598 1029 694 1093 unius
719 1050 828 1094 semen
849 1028 998 1115 inplebit.
1034 1032 1097 1097 hoc

66 1112 189 1183 etiam
222 1139 332 1183 menso
365 1117 524 1183 cicercula
555 1118 676 1183 seritur
707 1118 780 1184 loco
819 1120 852 1182 ct
884 1119 996 1202 mode,
1032 1141 1095 1205 quo

37 1214 56 1254 1⁰
66 1208 166 1272 ante
188 1206 353 1291 descripsi.

324 1436 384 1504 Dr
409 1435 615 1504 SERENDO
641 1434 863 1504 OANNABO.

155 1561 229 1627 Hoc
258 1583 367 1626 mense
393 1561 511 1627 ultimo
540 1561 722 1627 cannabum
751 1563 832 1627 seris
861 1567 948 1627 terra
975 1560 1152 1648 pingui,V

85 1653 284 1733 stercorata,
315 1651 410 1736 rigua
441 1649 494 1715 uel
524 1650 623 1735 plana
654 1655 752 1736 atque
784 1652 894 1716 umida
930 1655 963 1717 et
999 1652 1098 1717 altius

90 1742 236 1806 subacta.
276 1739 311 1804 in
338 1761 402 1805 uno
430 1739 510 1824 pede
535 1741 693 1825 quadrato
718 1763 774 1805 sex
798 1741 942 1805 ciusdem
966 1741 1098 1806 seminis

59 1845 80 1887 1⁵
92 1848 193 1915 grana
214 1831 389 1914 ponuntur.

246 2058 305 2125 DE
328 2058 463 2127 nolus
486 2058 688 2127 MEDIOAE
711 2059 947 2127 PARANDIS.

157 2184 254 2252 Nunc
277 2205 363 2270 ager,
388 2184 444 2269 qui
465 2189 655 2270 accepturus
675 2188 726 2250 ost
745 2185 912 2267 medicam,
935 2185 972 2248 de
993 2183 1083 2249 cuius
1105 2183 1154 2250 VI

90 2279 221 2355 natura,
248 2297 323 2340 oum
350 2272 413 2339 erit
441 2275 588 2355 serenda,
615 2274 771 2355 dicemus,
799 2273 964 2338 iterandus
990 2276 1041 2336 est
1064 2276 1097 2337 et

90 2364 241 2450 purgatis
264 2363 426 2448 lapidibus
449 2362 621 2448 diligenter
645 2363 813 2428 occandus.
852 2366 885 2427 et
908 2362 994 2427 circa
1015 2383 1097 2427 mar-

55 2480 78 2520 so
91 2454 156 2518 tias
184 2452 333 2519 calendas
362 2453 495 2517 subacto
522 2452 607 2516 sicut
629 2451 664 2515 in
686 2450 792 2516 hortis
817 2451 886 2516 solo
910 2451 1097 2516 formandae

91 2545 169 2607 sunt
192 2563 286 2606 areae
308 2540 395 2605 latae
417 2540 554 2626 pedibus
573 2541 692 2621 decem,
715 2540 832 2626 longae
850 2540 986 2625 pedibus
1006 2541 1098 2626 quin-

91 2629 259 2717 quaginta,
281 2631 327 2694 ita
349 2633 388 2694 ut
411 2629 457 2695 cis
476 2651 562 2714 aqua
579 2629 786 2694 ministretur
804 2632 838 2694 ct
856 2630 950 2696 facile
969 2630 1098 2715 possint

91 2741 132 2785 cx
154 2722 293 2804 utraque
315 2722 409 2802 parte
432 2719 571 2784 runcari.
615 2723 693 2784 tunc
715 2719 836 2785 iniecto
861 2717 996 2803 antiquo
1020 2723 1099 2783 ster·

91 2830 166 2874 core
190 2808 224 2873 in
248 2808 384 2894 aprilem
407 2829 551 2872 mensem
575 2811 782 2873 reseruentur
803 2810 944 2892 paratae.

166 2971 180 3019 1
209 2963 258 3019 DE
286 2963 453 3020 SERENDO
485 2963 657 3020 OANNABO
688 2965 714 3020 G
748 2966 751 3034 Ι
785 2963 876 3018 ITEM
903 2960 1102 3017 CICERCVLA

92 3055 145 3095 om.
159 3037 211 3118 ΕΙΙ
234 3035 431 3091 alenticlcum
449 3037 480 3090 E
487 3036 496 3067 ¹
516 3038 520 3107 l
540 3036 602 3089 loco
618 3038 662 3106 pl!
685 3043 700 3090 5
719 3036 790 3089 bene
809 3052 859 3090 om.
869 3052 899 3104 p.
914 3037 923 3104 ΙΙ
948 3039 962 3086 7
982 3034 1104 3101 quatuor

93 3113 145 3165 aut
159 3123 282 3177 qumque
296 3107 395 3162 diebus
408 3109 511 3178 Taepa
525 3111 534 3177 ΙΙ
549 3113 580 3161 11
594 3108 680 3161 Harae
689 3108 799 3162 titulare
808 3123 858 3161 om.
870 3106 897 3161 G
912 3109 916 3175 l
933 3102 1101 3158 SERENDO

91 3198 144 3238 om.
161 3181 260 3304 Eplt
280 3196 353 3234 seres
368 3197 448 3250 pope
461 3182 470 3249 l
485 3185 518 3232 13
532 3178 640 3247 irrigua
653 3178 699 3248 Vn
714 3184 747 3231 14
761 3177 982 3246 in-ponuntur
996 3192 1046 3230 om.
1061 3174 1104 3248 pl!

95 3259 129 3308 16
143 3251 196 3307 ΜΕ
223 3250 306 3305 Iona
320 3249 504 3304 PARANDIS
519 3268 569 3305 om.
581 3250 630 3316 ΕΙ,
644 3247 845 3318 praeparandis
860 3249 939 3302 addit
948 3246 998 3314 E‘,
1012 3245 1100 3301 MED.

93 3322 272 3378 PARANDA
289 3323 368 3376 liutet
379 3323 405 3376 G
418 3324 427 3392 ΙΙ
441 3329 474 3376 19
493 3323 629 3391 purgatus
643 3338 656 3375 s
672 3321 676 3392 Ι
693 3320 830 3374 occandus
845 3318 973 3388 PLQT,
988 3333 1104 3372 caecan-

95 3395 148 3450 dus
164 3394 203 3463 G,
223 3393 361 3448 curandus
380 3395 462 3463 ilat)
486 3393 559 3446 sicut
576 3391 662 3446 moris
681 3394 725 3445 est
743 3390 802 3444 solo
821 3391 918 3460 111121
938 3389 1031 3444 laetae
1050 3391 1077 3444 1.
1094 3389 1105 3461 ll

95 3472 130 3520 23
151 3482 185 3519 ex
202 3467 322 3533 utraque
335 3466 416 3534 parte
430 3481 480 3518 om.
495 3465 515 3531 i,
533 3464 596 3518 iacl.
611 3480 625 3517 s
641 3465 646 3532 l
661 3465 798 3517 estercorc
812 3464 838 3517 L
852 3460 1058 3533 ll241nprilem
1072 3460 1110 3528 Q,

92 3537 124 3590 in
142 3535 226 3603 aprili
240 3550 337 3589 mense
353 3535 389 3589 Ε
