2378 3832
133 172 199 236 240
550 175 720 229 PALLADII

134 320 189 383 sed
210 319 341 403 plantas
363 319 426 384 hoc
449 322 544 385 modo
567 323 757 405 procurant,
784 322 822 384 ut
848 318 940 402 prius
967 319 1074 384 multa
1097 341 1181 385 se—

134 407 222 472 mina
244 408 279 472 in
301 407 446 473 caliculis
469 414 559 474 terra
584 414 617 474 et
635 410 713 474 fimo
731 407 865 492 repletis
884 409 1036 491 obruant,
1060 429 1181 493 qua&

132 497 190 562 ubi
207 498 433 582 processerint,
451 498 566 564 relicto
585 521 633 583 eo,
652 499 739 584 quod
757 497 893 562 solidius
911 501 973 582 est,
992 495 1181 563 auferunt:

134 586 210 650 alia:
237 585 295 650 ubi
316 585 440 650 iustum
467 588 590 672 ceperit
616 588 865 668 incrementum,
893 586 1028 651 trimam
1051 587 1181 670 plan-

133 679 201 738 tam
224 697 298 739 cum
320 674 401 758 ipsis
424 676 570 741 caliculis
593 677 805 758 transferunt,
828 673 945 761 quibus
969 674 1087 741 fractis
1111 676 1169 740 in

134 765 247 829 scrobe
270 763 442 849 indulgent
468 766 632 830 radicibus
658 765 855 850 largitatem.
901 768 1008 828 terrae
1032 769 1164 830 tamen

134 873 234 936 acque
262 858 386 917 stercus
415 855 594 919 admiscent
620 854 777 919 facientes
805 856 984 917 straturam
1016 853 1152 918 alterno

84 942 245 1009 120rdine
268 941 404 1006 subinde
427 947 632 1008 crescentem.
670 943 864 1008 seruandum
888 946 939 1006 est
961 945 1085 1026 tamen,
1107 946 1158 1007 ut

133 1029 223 1095 radix
247 1031 325 1114 eius,
349 1053 430 1115 quae
453 1054 518 1096 una
541 1036 574 1096 et
597 1032 720 1098 directa
738 1036 799 1117 est,
820 1052 922 1115 nsque
945 1031 986 1095 ad
1011 1032 1148 1096 summi-

133 1122 236 1185 tatem
259 1142 351 1185 suam
373 1121 479 1204 possit
502 1121 633 1206 integra
655 1125 689 1185 et
710 1120 834 1185 inlaesa
860 1119 1041 1184 transferri.
1088 1143 1180 1205 pu-rr

133 1209 217 1274 tatio
244 1209 391 1275 nouellas
419 1209 489 1293 pini
516 1210 649 1274 arbores
678 1215 808 1274 tantum
835 1213 1025 1295 promouet,
1057 1209 1144 1294 quod

134 1303 285 1381 expertus
310 1320 391 1383 sum,
413 1303 459 1382 ut,
483 1319 564 1382 quae
588 1320 779 1382 speraueras
802 1299 1017 1383 incrementa,
1041 1298 1142 1382 dupli·

134 1393 254 1452 centur.
291 1409 389 1452 nuces
412 1388 527 1471 pineae
549 1410 651 1473 usque
674 1389 709 1452 in
730 1388 794 1452 hoc
817 1391 946 1470 tempus
969 1387 1006 1451 in
1029 1387 1141 1452 arbore

134 1497 204 1540 esse
234 1484 373 1560 possunt
404 1480 438 1541 et
472 1477 666 1542 maturiores
698 1477 858 1561 legentur.
907 1475 998 1559 prius
1034 1479 1141 1540 tamen

133 1564 288 1649 legendae
318 1570 408 1650 sunt,
439 1588 536 1650 quam
565 1569 742 1650 patescant.
787 1564 896 1630 nuclei
921 1564 987 1629 nisi
1011 1565 1169 1650 purgatio

135 1653 249 1717 durare
272 1676 338 1719 non
360 1659 507 1738 possunt.
552 1660 663 1719 tamen
687 1653 788 1739 aliqui
815 1654 850 1718 in
873 1653 961 1718 nasis
985 1653 1140 1720 fictilibus

133 1742 228 1806 nouis
248 1746 281 1806 et
299 1745 387 1808 terra
404 1744 538 1827 repletis
557 1766 631 1809 cum
649 1744 745 1808 testis
764 1743 832 1808 suis
851 1742 970 1808 missos
989 1744 1140 1808 adserunt

134 1829 300 1896 custodiri.

83 1923 123 1987 13
200 1919 308 1984 Pruna
337 1921 365 1986 si
395 1921 523 1986 ossibus
554 1926 703 1986 serantur
738 1923 908 2003 autumno,
943 1942 1055 1986 mense
1085 1942 1139 1986 no·

134 2009 260 2073 uembri
284 2010 354 2076 solo
379 2011 467 2094 putri
491 2015 524 2074 et
547 2011 683 2075 subacto
706 2011 832 2074 duobus
859 2009 979 2093 palmis
1005 2011 1172 2075 obruens

134 2102 197 2162 tur.
243 2121 318 2164 ossa
342 2101 453 2164 eadem
476 2103 641 2184 ponuntur
668 2103 701 2164 et
729 2121 838 2163 mense
865 2097 1042 2164 februario.
1089 2098 1141 2164 sed

134 2191 211 2252 tunc
240 2188 331 2272 prius
362 2188 470 2253 lexiuo
499 2191 575 2253 sunt
607 2189 798 2253 maceranda
828 2210 886 2271 per
915 2188 1076 2271 triduum,
1107 2191 1142 2252 nt

135 2277 200 2341 cito
224 2278 405 2362 germinare
429 2282 597 2363 cogantur.
643 2282 810 2361 ponuntur
838 2280 870 2340 et
897 2276 1035 2362 plantis,
1063 2298 1141 2361 quas

135 2365 291 2430 sumimus
311 2389 348 2430 ex
368 2367 476 2432 codice
495 2389 605 2432 mense
623 2366 769 2431 ianuario
790 2369 927 2430 exeunte
945 2366 999 2430 uel
1018 2366 1142 2430 februa

134 2453 183 2517 rio
212 2455 297 2519 circa
322 2455 394 2520 idus
422 2456 584 2521 radicibus
617 2456 694 2520 fimo
724 2453 846 2520 oblitis.
897 2455 1042 2539 gaudent
1072 2456 1173 2520 locos

134 2540 221 2607 laeto
236 2547 269 2607 et
287 2545 411 2609 umido:
430 2545 518 2611 caelo
534 2545 644 2628 tepido
664 2543 780 2608 melius
795 2542 1015 2627 proferuntur,
1033 2547 1142 2608 tamen

85 2634 126 2696 14
136 2636 258 2714 queunt
282 2637 315 2696 et
338 2633 493 2719 frigidum
516 2633 686 2698 sustinere.
731 2632 813 2696 locis
837 2632 995 2715 lapidosis
1020 2628 1053 2696 et
1077 2634 1141 2718 gla-

134 2719 251 2804 reosis,
288 2720 315 2785 si
353 2722 506 2787 iuuantur
541 2722 729 2804 laetamine,
755 2724 936 2804 excusant,
973 2743 1015 2785 ne
1046 2743 1142 2804 poma

205 2901 219 2947 1
234 2894 340 2964 plantis
352 2896 378 2950 G
391 2898 400 2965 l
415 2899 632 2965 3processerant
641 2898 671 2950 Ε
686 2899 689 2965 Ι
707 2898 757 2949 aut
769 2895 864 2950 ferunt
875 2895 908 2961 G,
924 2893 1065 2950 auferunt.
1085 2893 1141 2948 Ali·

134 2966 182 3036 qui
196 2966 301 3020 iustum
314 2966 365 3020 ubi
374 2967 405 3020 E
416 2969 425 3036 ΙΙ
438 2967 588 3036 4coeperit
597 2985 686 3022 omnes
696 2973 828 3036 praetera
844 2967 848 3036 Ι
864 2965 969 3019 trinam
978 2967 1010 3020 E
1021 2969 1025 3035 Ι
1045 2972 1141 3021 tsoro

133 3038 198 3091 bem
209 3038 243 3106 G,
258 3038 369 3092 scrobes
380 3038 434 3092 SE
449 3038 452 3108 l
468 3040 563 3092 tamen
576 3042 649 3093 terre
658 3039 689 3091 Ε
700 3040 709 3107 ΙΙ
724 3043 739 3091 7
755 3052 843 3105 equae
853 3038 1014 3107 FEiacps
1042 3040 1141 3092 sterco-

134 3112 225 3163 ratam
236 3126 289 3190 pro
303 3111 455 3163 straturam
464 3109 495 3162 Ε
506 3111 515 3179 t
529 3115 545 3162 9
563 3109 621 3163 ima
630 3127 653 3178 p
666 3111 675 3178 l}
690 3113 723 3161 13
737 3107 822 3178 pinae
832 3110 859 3163 L
875 3109 879 3178 Ι
895 3110 924 3162 et
942 3125 1032 3176 usque
1046 3109 1140 3180 inops,

134 3197 222 3247 usque
235 3198 265 3234 1n
279 3181 332 3234 hoc
345 3184 456 3249 tempus
470 3197 520 3234 oon.
532 3198 553 3249 p
569 3184 572 3249 l
589 3180 618 3234 in
632 3181 760 3234 arborem
774 3180 805 3233 Ε
816 3182 825 3249 ΙΙ
841 3185 872 3232 15
891 3183 1057 3249 putrescant
1070 3181 1122 3248 Ep
1134 3177 1139 3251 Ι

135 3251 184 3318 qui
196 3251 251 3305 nisi
265 3270 284 3321 p
298 3255 307 3322 {l
322 3257 355 3304 19
369 3246 410 3304 De
425 3252 516 3305 Pruno
531 3253 641 3321 (pruno)
655 3253 706 3306 iae.
727 3252 780 3305 iac
796 3253 800 3319 l
817 3251 908 3304 Pruna
922 3251 974 3320 Eu
988 3257 1021 3305 11
1038 3268 1141 3320 ponan-

134 3324 181 3375 tur
198 3325 296 3394 a'acps
318 3326 327 3393 t
351 3329 385 3375 11
403 3322 497 3376 lexibo
517 3323 573 3375 PL
581 3323 619 3391 G,
642 3321 746 3376 lexinio
766 3322 801 3390 F,
821 3337 855 3375 ex
873 3321 963 3375 libero
982 3323 1020 3390 E,
1039 3321 1140 3376 lexiuio

134 3410 210 3463 naqa
226 3397 229 3463 Ι
245 3393 376 3464 ponenda
394 3396 424 3447 et
441 3394 610 3447 maceranda
627 3395 657 3447 Ε
669 3397 678 3463 u
693 3400 726 3446 13
739 3392 856 3463 plantae
871 3393 918 3447 Ea
931 3395 940 3462 l
954 3399 988 3445 11
1003 3409 1141 3447 sumemus

131 3479 223 3519 omnes
233 3467 243 3535 l
258 3481 293 3519 ex
311 3463 415 3521 cortice
438 3466 470 3537 V,
489 3481 524 3520 ex
542 3463 645 3518 cortice
663 3464 710 3518 uel
732 3463 828 3518 codice
848 3465 878 3518 F
888 3466 898 3533 ΙΙ
912 3469 945 3517 16
965 3464 1141 3532 perferuntur

117 3534 188 3604 PF,
204 3537 397 3606 perfruuntur
420 3540 467 3612 Tp
480 3541 491 3612 t
505 3544 541 3594 18
560 3535 588 3592 si
605 3553 657 3590 om.
677 3535 886 3589 PLVsrna
897 3533 955 3601 tin
968 3551 1018 3599 pro
1032 3551 1071 3586 ns
1082 3535 1108 3588 (ἱ
