2378 3832
95 175 158 239 172
512 174 681 230 PALLADII

50 322 254 405 2sinamus,
286 321 362 405 quia
395 320 497 385 fertur
530 321 592 386 hoc
625 343 715 386 more
747 322 972 406 grandescere.
1019 345 1100 388 nunc

95 411 195 475 etiam
218 432 327 474 mense
350 415 516 494 postremo
539 410 620 475 locis
644 411 818 476 maritimis
841 416 875 476 et
895 411 1099 476 calidioribus

95 521 132 564 ac
152 499 246 564 siccis
266 498 370 563 tritici
389 499 504 563 messis
524 499 711 563 absciditur.
749 521 848 583 quam
865 505 1018 584 paratam
1035 523 1099 564 esse

95 588 278 673 cognoscis,
311 587 339 651 si
369 587 549 670 aequaliter
577 589 741 672 spicarum
768 589 911 672 populus
939 593 1098 654 maturato

94 677 213 740 rubore
245 677 411 741 flauescat.
456 699 533 759 pars
566 674 746 741 Galliarum
777 676 907 760 planior
937 677 1002 743 hoc
1032 700 1125 743 con-s

94 765 211 849 pendio
234 766 349 829 utitur·
364 765 403 828 ad
424 766 610 829 metendum
628 769 661 829 et
679 769 808 849 praeter
824 765 999 830 hominurn
1017 766 1098 831 labo

94 875 146 918 res
169 854 265 918 unius
288 853 383 918 bouis
407 875 506 938 opera
529 853 670 937 spatium
694 855 796 918 totius
816 855 933 919 messis
953 854 1097 920 absumit

93 943 133 1006 fic
146 943 257 1026 itaque
270 940 465 1026 uehiculum,
485 942 571 1026 quod
585 942 710 1008 duabus
725 942 807 1008 rotis
821 944 979 1008 breuibus
993 943 1097 1008 fertur.

50 1033 71 1098 3
93 1030 190 1096 buius
211 1032 369 1116 quadrata
388 1031 572 1114 superficies
592 1031 714 1097 tabulis
732 1031 888 1116 munitur,
906 1053 991 1116 quae
1004 1031 1097 1097 forin-

94 1143 187 1185 secus
210 1120 345 1185 reclines
368 1120 404 1184 in
427 1140 553 1184 summo
577 1122 713 1185 reddant
736 1121 844 1204 spatia
868 1121 1023 1206 largiora
1064 1121 1097 1185 ab
1107 1147 1125 1186 u

95 1210 163 1274 eius
192 1209 300 1274 fronte
328 1208 475 1292 carpenti
503 1209 634 1274 breuior
660 1214 711 1274 est
738 1209 877 1274 altitudo
907 1209 1097 1275 tabularum.

94 1299 141 1363 ibi
169 1297 324 1363 denticuli
351 1297 484 1381 plurimi
513 1319 550 1363 ac
577 1299 643 1362 rari
667 1300 707 1363 ad
730 1298 894 1382 spicarum
918 1320 1098 1364 mensuram

95 1387 337 1452 constituuntur
356 1387 391 1451 in
410 1385 531 1469 ordine,
550 1388 590 1451 ad
609 1387 808 1471 superiorem
823 1391 954 1471 partem
968 1387 1097 1453 recurui.

94 1499 114 1540 a
133 1480 228 1561 tergo
247 1497 325 1539 uero
345 1476 489 1540 eiusdem
506 1476 650 1540 uehiculi
668 1477 731 1541 duo
750 1475 939 1540 breuissimi
957 1479 1096 1542 temones

94 1565 278 1649 figurantur
304 1565 396 1628 uelut
424 1565 540 1628 amites
563 1566 799 1629 basternarum.
842 1564 892 1628 ibi
913 1564 976 1629 bos
999 1565 1124 1651 capitas

94 1654 128 1716 in
161 1653 347 1717 uehiculum
379 1674 474 1717 uerso
502 1653 580 1738 iugo
608 1658 742 1738 aptatur
769 1658 803 1718 et
828 1653 986 1737 uinculis,
1019 1676 1097 1718 man·

50 1744 72 1807 4
96 1745 208 1805 suetus
233 1763 318 1824 sane,
342 1741 483 1825 quinon
501 1743 633 1807 modum
652 1742 854 1826 conpulsoris
873 1743 1017 1807 excedat.
1052 1742 1097 1807 hic

95 1829 153 1893 ubi
171 1830 356 1895 uehiculum
374 1853 432 1914 per
451 1853 573 1896 messes
589 1830 696 1915 coepit
709 1831 874 1916 inpellere,
893 1831 1001 1895 omnis
1018 1831 1098 1916 spica

95 1921 130 1983 in
159 1923 347 2003 carpentum
376 1920 549 1985 denticulis
583 1920 803 2004 conprehensa
835 1920 1021 1985 cumulatur
1052 1921 1097 1984 ab·

96 2008 202 2092 ruptis
232 2031 269 2073 ac
298 2008 421 2073 relictis
449 2007 551 2093 paleis
579 2009 785 2073 altitudinem
807 2008 860 2072 uel
882 2007 1126 2073 humilitatenit

96 2098 285 2181 plerumque
313 2098 454 2162 bubulco
483 2099 684 2181 moderante,
712 2097 769 2182 qui
798 2097 956 2181 sequitur.
1002 2099 1098 2162 etita

95 2208 296 2271 perpaucos
320 2187 386 2251 itus
411 2209 448 2251 ac
472 2186 595 2250 reditus
619 2186 711 2252 breui
731 2186 887 2250 horarum
906 2186 1015 2270 spatio
1035 2190 1099 2251 tota

97 2276 212 2340 messis
239 2275 390 2359 inpletur.
435 2276 498 2342 hoc
526 2275 762 2358 campestribus
785 2274 866 2339 locis
889 2275 942 2339 nel
967 2274 1099 2359 aequali-

97 2365 158 2428 bus
190 2364 271 2427 utile
304 2368 354 2428 est
387 2369 420 2428 et
451 2364 520 2447 his,
551 2364 668 2449 quibus
700 2364 882 2429 necessaria
913 2363 1009 2447 palea
1040 2385 1099 2429 non

96 2451 244 2516 habetur.
1110 2474 1129 2514 a

169 2644 256 2696 lhoc
273 2660 350 2699 more
368 2644 456 2698 fertur
475 2645 505 2698 Ε
530 2648 539 2713 ss
566 2643 707 2698 3mensis
726 2644 788 2699 LV
812 2645 816 2714 l
847 2643 1025 2698 abscinditur
1043 2660 1077 2699 aa
1092 2642 1100 2714 ll

97 2717 313 2784 deogrnosoes.¹
301 2732 394 2784 cacos
419 2717 423 2786 Ι
447 2716 625 2769 admaturato
644 2716 670 2769 L
697 2718 706 2786 ll
734 2716 867 2769 broborc
886 2715 930 2768 Lc‘
956 2717 966 2785 ΙΙ
994 2723 1100 2770 'lassu-

96 2785 149 2840 mit
168 2787 198 2839 E
218 2789 227 2855 ΙΙ
250 2792 266 2839 8
290 2786 414 2854 facitque
433 2787 460 2840 V
479 2789 488 2856 l}
511 2793 526 2840 9
551 2786 741 2856 quadraginta
759 2787 789 2840 Ε
809 2789 814 2857 ι
838 2784 964 2840 munitur
987 2803 1037 2840 orn.
1057 2784 1101 2855 Pl

98 2863 130 2910 10
153 2856 271 2911 recliues
295 2857 346 2912 Εα
372 2859 382 2926 ΙΙ
410 2863 442 2910 12
465 2857 595 2911 tenticuli
618 2858 645 2912 V
664 2859 755 2928 (prcor
778 2858 939 2912 dannot
926 2876 959 2912 aa
985 2857 1100 2926 ranna)

97 2929 164 2982 dent
165 2927 243 2982 ilis
270 2930 279 2998 l
307 2935 339 2982 13
368 2928 529 2982 ordinem
517 2947 608 3000 corps
635 2932 644 2998 ΙΙ
672 2936 705 2983 14
728 2928 767 2982 At
790 2945 855 2982 uero
875 2945 898 2998 p
927 2931 931 2999 Ι
960 2929 1100 2982 themones

97 3001 154 3053 PL
164 2999 220 3054 VG
242 3002 252 3070 ΙΙ
275 3005 308 3053 15
326 2999 404 3053 uelid
422 3000 463 3066 Ε,
486 3000 533 3053 uel
551 3004 583 3053 ut
602 2999 704 3054 amitae
724 3016 775 3053 sua
794 3001 950 3054 sternarum
968 3000 1008 3068 L,
1027 2999 1102 3054 uelut

97 3071 182 3125 amite
206 3087 257 3124 sua
276 3074 432 3124 sternarum
456 3042 503 3138 V1,
531 3075 725 3125 uasternarum
750 3071 776 3124 G
796 3075 806 3141 ΙΙ
829 3077 862 3124 16
889 3045 1054 3125 uehiculis
1053 3085 1101 3140 pro

96 3141 217 3196 uinculis
236 3142 266 3195 Ε
280 3144 284 3212 l
299 3144 461 3195 mansuetos
479 3143 518 3211 L,
537 3142 677 3197 mansueti
696 3143 727 3195 Ε
733 3141 742 3174 ¹
755 3145 765 3211 ΙΙ
780 3147 813 3196 18
833 3142 899 3196 dum
914 3159 967 3212 pro
986 3141 1036 3196 ubi
1055 3141 1100 3212 El

97 3213 221 3294 coeperit
235 3231 257 3281 p
271 3217 280 3283 ΙΙ
294 3218 327 3267 19
350 3211 494 3266 tenticulis
517 3215 543 3267 V
563 3216 655 3296 (prior
678 3215 768 3268 lettera
786 3215 833 3267 t
822 3232 853 3267 ca
874 3216 993 3354 resur}
1003 3216 1007 3284 Ι
1025 3213 1102 3266 ab1u·

96 3283 133 3336 tis
155 3284 178 3354 Q
204 3288 214 3354 u
241 3283 456 3338 20etrolict1s
476 3285 527 3355 ΕΙΙ
541 3291 574 3338 22
598 3285 671 3339 ictus
690 3285 741 3355 El
756 3290 788 3338 23
809 3284 937 3355 expletur
1012 3282 1083 3338 uel
1075 3300 1102 3336 m

96 3371 182 3423 supro
195 3359 204 3424 l
219 3361 253 3410 24
271 3355 306 3408 iis
325 3373 401 3426 aces
