2378 3832
122 164 186 229 132
539 164 708 219 PALLADII

123 316 178 375 tur
201 331 310 375 mense
334 310 430 393 aprili
452 309 533 375 locis
556 309 684 394 calidis,
707 309 792 374 maio
814 309 957 395 frigidis,
979 331 1048 375 non
1071 312 1135 376 sub

124 400 254 484 cortice,
276 399 332 462 sed
354 398 431 462 fisso
456 403 571 463 trunco
593 397 679 463 circa
696 397 785 480 ipsas
804 399 937 463 radices,
973 399 1137 465 inseritur

124 493 157 552 et
179 488 266 572 piro,
288 491 326 550 ut
350 486 490 571 quidam,
512 490 546 551 et
568 508 670 570 moro,
694 487 750 551 sed
771 486 864 552 insiti
887 487 1011 553 surculi
1034 488 1134 573 qualo

124 578 261 660 desuper
293 575 423 640 omnino
457 575 621 640 muniendi
656 579 732 640 sunt
768 576 820 640 uel
856 576 951 641 fictili
988 577 1136 643 uasculo.

124 665 246 729 adserit
268 664 431 728 Martialis
457 665 542 749 apud
565 665 719 748 Assyrios
743 665 848 747 pomis
871 664 955 730 hanc
979 667 1135 730 arborem
1160 691 1172 730 5

123 775 189 818 non
213 775 332 818 carere:
363 753 448 836 quod
472 774 533 838 ego
556 753 590 816 in
615 751 764 817 Sardinia
786 752 953 818 territorio
976 752 1135 838 Neapoli-

123 847 201 915 tano
224 841 260 906 in
281 841 389 906 fundis
412 842 493 906 meis
517 842 657 925 conperi,
680 842 797 925 quibus
821 842 925 907 solum
949 846 983 907 et
1006 843 1135 909 eaelum

125 931 270 1014 tepidum
302 935 365 1014 cst,
397 953 492 995 umor
524 931 702 1013 exrmdans,
733 953 792 1014 per
823 930 943 1016 gradus
972 931 1134 1014 quosdam

125 1020 189 1084 sibi
217 1041 343 1103 semper
370 1041 467 1102 poma
490 1019 673 1104 succedere,
699 1039 772 1083 cum
795 1020 933 1084 maturis
957 1041 992 1084 se
1016 1021 1135 1086 acerba

126 1109 341 1192 substituant,
370 1107 560 1173 acerborum
583 1129 660 1172 uero
684 1111 826 1172 aetatem
848 1107 1000 1172 florentia
1023 1131 1169 1176 consen

126 1202 280 1282 quantur,
309 1197 421 1261 orbem
444 1197 614 1280 quemdam
638 1196 810 1261 continuae
833 1195 1044 1261 fecunditatis
1070 1198 1133 1263 sibi

74 1287 331 1351 17m.inistrante
357 1288 483 1350 natura.
529 1285 677 1349 feruntur
705 1307 795 1350 acres
824 1284 981 1350 medullas
1005 1291 1132 1352 mutare

125 1374 282 1457 dulcibuS,
305 1375 333 1438 si
356 1395 414 1458 per
436 1373 580 1438 triduum
603 1374 709 1438 mulsa
732 1395 816 1458 aqua
839 1372 963 1438 semina
982 1376 1133 1458 ponenda

125 1467 330 1528 macerentur
361 1463 413 1527 uel
446 1463 545 1527 ouillo
577 1462 677 1545 lacte,
707 1463 795 1545 quod
827 1466 982 1547 praestat.
1031 1464 1133 1548 aliqui

125 1574 234 1617 mense
266 1551 430 1615 februario
462 1555 615 1616 truncum
647 1551 778 1634 obliquo
806 1549 965 1616 foramine
996 1552 1038 1616 ab
1066 1553 1131 1617 imo
1144 1578 1164 1619 ιε

125 1641 303 1724 terebrant,
316 1638 364 1703 ita
377 1643 415 1703 ut
429 1639 531 1704 attera
545 1644 638 1723 parte
651 1660 718 1704 non
732 1644 838 1703 exeat:
855 1661 893 1704 ex
907 1640 971 1705 boc
984 1663 1132 1706 umorem

125 1729 224 1792 fluere
238 1727 441 1812 permittunt,
455 1728 555 1793 donec
570 1750 667 1811 poma
681 1728 875 1793 formentur:
894 1731 972 1794 tuno
986 1730 1132 1795 foramen

126 1817 195 1880 luto
224 1817 368 1901 replent:
396 1816 457 1897 sio,
484 1817 570 1899 quod
594 1820 645 1881 est
667 1817 822 1898 medium,
849 1817 920 1881 fieri
943 1817 1037 1883 dulce
1063 1842 1132 1885 con-

77 1906 267 1975 18firmant.
299 1905 436 1970 citream
454 1909 487 1969 et
505 1904 540 1969 in
559 1906 673 1970 arbore
691 1909 802 1989 potest
819 1925 878 1988 per
891 1909 999 1970 totum
1015 1930 1132 1972 annum

128 1994 363 2080 propemodum
382 1994 550 2059 custodiri:
573 1994 699 2076 melius,
723 1994 751 2057 si
769 1994 911 2059 uasculis
930 1995 1161 2077 quibuscum-so

127 2107 188 2168 que
218 2083 396 2149 claudatur.
442 2083 471 2148 si
497 2083 579 2147 uelis
608 2083 715 2167 legere
743 2085 841 2166 atque
869 2104 1012 2167 seruare,
1039 2090 1130 2150 nocte

127 2173 204 2238 luna
236 2174 359 2238 latente
391 2171 523 2237 debebis
556 2193 629 2236 cum
661 2171 761 2236 ramis
788 2169 912 2236 foliatis
941 2193 1074 2257 carpere
1101 2178 1131 2238 et

128 2265 252 2326 secreta
275 2262 452 2345 disponere.
488 2261 545 2325 alii
568 2259 697 2345 singula
715 2260 802 2324 uasis
822 2259 959 2345 singulis
979 2262 1130 2328 claudunt

126 2348 179 2414 uel
203 2371 308 2435 gypso
332 2348 480 2414 edlinunt
504 2353 536 2414 et
558 2369 658 2432 opaco
677 2348 749 2413 loco
769 2348 919 2413 ordinata
937 2351 1129 2416 custodiunt.

127 2437 273 2521 plerique
301 2439 335 2502 in
362 2439 447 2503 cedri
475 2440 571 2503 scobe
599 2437 651 2501 uel
680 2435 891 2502 straminibus
919 2439 1056 2505 minutis
1082 2440 1166 2504 uelc'

126 2527 161 2589 in
184 2525 283 2609 paleis
306 2531 393 2591 tecta
416 2522 565 2612 seruent!

201 2663 340 2719 lmaiore
358 2668 385 2721 L
411 2669 420 2735 11
447 2667 548 2721 2fisco
566 2668 593 2721 L
619 2671 628 2737 11
656 2670 723 2722 3ut
741 2666 857 2736 quidam
874 2667 1015 2737 volunta,
1038 2668 1132 2723 volunt

129 2735 192 2790 incl.
207 2752 243 2805 cp
272 2736 276 2805 1
305 2739 334 2790 et
351 2753 427 2790 moro
446 2753 496 2791 om.
513 2739 539 2793 G
564 2740 567 2809 1
597 2738 804 2792 sed-uasculo
823 2755 873 2794 om.
884 2756 906 2808 p
930 2739 934 2810 1
964 2737 1063 2793 circuli
1081 2739 1129 2810 Ε1

130 2806 325 2875 qualo-sunt
347 2808 582 2878 oruPLQV¹G
612 2811 615 2880 1
645 2809 728 2877 quale
752 2811 782 2862 Ε
806 2812 815 2880 11
842 2809 956 2863 domni
979 2811 1064 2866 modo
1083 2827 1132 2880 pro

129 2877 241 2931 omnino
260 2877 362 2932 V'SE
385 2882 389 2948 1
414 2879 528 2934 uasculo
548 2880 716 2934 clauduntur
735 2881 761 2935 G
783 2883 793 2951 11
816 2887 831 2934 5
850 2880 996 2935 marciales
1018 2882 1064 2952 Gt
1085 2882 1132 2936 ad·
1157 2899 1159 2903 ·

131 2949 220 3017 syrios
238 2948 335 3018 W,
355 2949 435 3003 sirios
455 2951 481 3005 G
504 2952 513 3020 11
536 2956 552 3005 6
571 2951 667 3005 sardia
685 2953 733 3023 Ε1
750 2954 779 3005 et
796 2951 826 3005 in
843 2951 984 3006 territorio
1003 2970 1071 3022 aea,
1095 2955 1134 3025 [ct

129 3019 171 3092 in]
190 3019 331 3074 territorio
348 3023 419 3091 9118
438 3023 467 3074 et
484 3021 583 3076 humor
601 3024 655 3090 Ec,
675 3026 704 3077 et
721 3024 784 3078 luel.
800 3041 835 3095 oq
851 3026 854 3093 1
871 3023 1014 3077 exundans
1034 3026 1078 3079 est
1091 3042 1113 3094 p

127 3107 178 3160 per
197 3091 318 3162 grandos
338 3092 395 3145 PL
405 3092 465 3146 VF
479 3095 488 3161 11
510 3101 525 3146 9
544 3110 628 3163 poma
647 3109 754 3163 semper
772 3095 803 3148 E
814 3098 823 3164 11
839 3100 872 3148 10
891 3093 1065 3150 constituant
1082 3097 1108 3149 L

130 3168 162 3214 11
187 3161 365 3217 eontentiuae
383 3163 414 3217 E
438 3164 448 3231 11
476 3170 508 3216 12
530 3164 629 3218 Fertur
647 3164 674 3217 L
698 3166 702 3236 1
727 3167 854 3220 maturae
872 3166 913 3233 E,
936 3168 1062 3221 maturas
1081 3168 1112 3221 F

131 3238 163 3286 13
184 3249 257 3302 aqua
274 3233 367 3287 mulsa
384 3251 473 3305 ceps,
494 3251 567 3303 aqua
586 3237 662 3290 orei
684 3238 693 3304 11
716 3241 749 3289 18
768 3236 792 3289 si
806 3252 860 3306 pro
878 3235 918 3290 sic
936 3237 981 3290 Li
1001 3239 1011 3307 11
1035 3243 1067 3292 19
1086 3253 1135 3308 per

129 3305 221 3357 totum
246 3321 349 3359 annum
368 3322 417 3359 om.
429 3322 451 3374 p
481 3306 485 3376 1
513 3309 574 3360 toto
594 3323 666 3361 anno
685 3307 798 3362 seruari.
826 3307 927 3361 Melius
945 3324 1031 3377 quam
1049 3308 1073 3362 si
1133 3309 1136 3377 1

130 3379 164 3427 24
189 3375 234 3429 uel
257 3393 345 3446 gypso
370 3375 500 3430 adlinunt
518 3394 603 3446 orep
627 3381 631 3447 1
657 3377 798 3432 adliniunt
818 3379 876 3449 QE
899 3381 903 3449 1
933 3378 1063 3434 ordinato
1081 3326 1137 3451 dl!

123 3450 165 3523 ,25
177 3445 401 3515 plerique-uel
420 3464 469 3503 om.
482 3465 504 3520 p
519 3450 524 3521 1
541 3448 631 3503 cedris
651 3449 811 3518 Glscrobe
830 3451 859 3503 E
878 3453 885 3519 1
915 3450 960 3521 in]
977 3453 1072 3506 stram.
1091 3469 1134 3522 cy,

110 3531 145 3566 m
162 3517 259 3572 stram.
276 3522 341 3591 ael!
353 3526 389 3577 26
408 3523 564 3578 seruarunt
578 3539 601 3594 p
621 3529 646 3580 at
663 3521 768 3578 codices
785 3527 891 3590 preater
