2378 3832
274 864 419 937 LIBER
446 863 666 950 QVARTVS
693 863 902 938 DEOIMVS

548 989 628 1045 SIVE

431 1100 490 1165 DE
513 1098 750 1167 INSlTIONE.

153 1374 215 1440 AD
238 1373 510 1441 PASIPHILVM
534 1375 681 1442 VIRVM
704 1373 1017 1441 DOCTISSIMVM.

54 1528 67 1568 5
149 1500 260 1566 Habes
292 1500 381 1566 aliud
409 1499 554 1566 indultae
582 1500 718 1566 fiduciae
746 1500 981 1566 testimonium.
1032 1524 1092 1586 pro

82 1612 181 1655 usura
212 1590 370 1674 temporis
401 1591 464 1656 hcc
498 1612 579 1675 opus
612 1592 651 1655 de
683 1594 753 1655 arte
785 1589 951 1655 insitionis
981 1591 1092 1656 adieci,

82 1680 139 1743 sed
167 1680 254 1763 quod
281 1679 449 1745 uolumina
475 1680 556 1746 haec
582 1679 668 1744 ruris
696 1679 823 1745 colendi
850 1680 968 1765 serius,
995 1702 1092 1764 quam

82 1769 239 1852 iusseras,
267 1768 389 1853 scripta
412 1774 501 1849 sunt,
528 1768 655 1834 librarii
684 1791 798 1835 manus
822 1770 953 1855 segnior
976 1769 1092 1853 effecit,

82 1855 174 1922 cuius
193 1878 254 1942 ego
274 1858 465 1922 tarditatem
482 1880 661 1941 numquam
679 1859 821 1944 maligne
845 1860 992 1923 aestimo.
1029 1858 1092 1922 exi-

39 1970 68 2015 ro
82 1945 182 2011 stimo
215 1946 314 2029 enim,
343 1968 406 2030 quo
438 1946 624 2030 frequenter
655 1947 790 2012 inclinet
821 1947 953 2032 argutia
984 1969 1091 2011 seruo·

81 2057 162 2099 rum.
195 2035 283 2099 malo
303 2057 435 2119 operam
454 2035 523 2099 eius
538 2037 707 2118 expectare
721 2035 831 2118 potius
850 2057 948 2119 quam
966 2035 1090 2101 timere.

80 2123 200 2205 nescio,
218 2127 329 2188 utrum
343 2145 512 2189 commune
531 2124 575 2189 sit
594 2122 747 2188 dominis:
766 2121 847 2188 mihi
866 2123 996 2190 difficile
1016 2147 1088 2190 con·
1112 2127 1140 2190 2*

80 2213 183 2298 tingit
205 2213 240 2276 in
262 2210 436 2277 seruilibus
459 2211 600 2297 ingeniis
623 2212 768 2278 inuenire
792 2213 991 2297 temperiem.
1041 2214 1090 2278 ita

81 2301 271 2386 saepissime
304 2306 423 2366 natura
454 2302 534 2366 haec
561 2301 658 2365 uitiat
689 2302 909 2384 commodum,
941 2302 969 2367 si
1001 2303 1089 2386 quod

39 2414 67 2460 rs
81 2394 141 2473 est,
164 2395 196 2455 et
220 2391 336 2456 miscet
360 2391 503 2475 optanda
526 2389 707 2456 contrariis.
744 2390 901 2456 uelocitas
924 2392 1089 2474 procurrit

80 2479 116 2543 in
137 2478 277 2544 facinus:
302 2480 458 2565 segnities
481 2480 621 2564 figuram
648 2479 861 2564 benignitatis
883 2479 1033 2545 imitatur
1057 2487 1090 2546 et

79 2571 208 2633 tantum
236 2569 358 2634 recedit
384 2568 425 2633 ab
454 2566 616 2653 agilitate,
643 2572 801 2651 quantum
824 2569 959 2634 recessit
982 2592 1001 2633 a
1023 2592 1090 2636 sce·
1130 2574 1142 2640 ’.

153 2766 166 2813 1
193 2759 317 2814 Palladii
341 2759 443 2814 Rutilii
465 2759 552 2813 Tauri
578 2760 613 2814 de
637 2759 772 2815 Insiticne
797 2761 882 2815 Liber
899 2761 939 2831 A,
965 2761 1087 2830 Palladij

77 2831 180 2900 Rutilij
206 2831 294 2885 Tauri
319 2830 463 2885 aemiliani
489 2831 525 2885 ad
548 2831 704 2886 Pastellum
728 2832 763 2885 de
785 2832 920 2887 Insiticne
945 2831 1030 2886 Liber
1047 2833 1087 2898 H,

77 2902 203 2956 Palladii
227 2903 263 2956 de
289 2904 349 2956 arte
373 2901 515 2956 insitionis
540 2902 666 2957 Libellus
691 2903 733 2972 D,
759 2903 928 2957 PALLADII
952 2902 1089 2957 RUTILII

77 2973 192 3027 TAURI
204 2973 399 3027 AEMILIAM
411 2973 460 3027 DE
478 2973 663 3028 INSITIDNE
681 2974 790 3028 LIBER
803 2974 853 3028 AD
867 2971 1089 3028 PASIPHILUM

77 3043 111 3100 V.
130 3044 164 3098 D.
185 3044 213 3112 O,
233 3044 355 3114 Palladij
373 3044 475 3113 Rutilij
490 3044 575 3097 Tauri
594 3045 727 3115 Emilianj
747 3045 782 3100 de
800 3044 937 3099 Insiticne
956 3045 1088 3099 arborum

78 3131 192 3169 carmen
211 3116 247 3169 ad
265 3114 440 3185 Pasiphilum
458 3114 549 3168 virum
567 3116 760 3171 doctissimum
779 3118 806 3171 B
819 3120 829 3188 ll
847 3123 863 3171 5
882 3116 1088 3170 Habes-con·

76 3186 183 3257 pendia
201 3203 251 3240 om.
266 3187 322 3240 AB
336 3189 361 3310 p
374 3186 476 3241 fiducie
494 3187 533 3256 H,
552 3187 619 3241 fidei
632 3190 712 3244 ceteri
734 3191 744 3258 ΙΙ
770 3195 786 3242 6
805 3189 858 3243 hoc
877 3204 946 3258 opus
964 3186 1019 3240 tibi
1036 3203 1088 3256 pro

77 3275 163 3312 usura
184 3257 318 3327 temporis
363 3259 439 3327 eD,
468 3274 537 3327 opus
560 3257 615 3311 tibi
638 3260 673 3314 de
698 3263 759 3313 arte
777 3261 812 3313 H
835 3262 844 3330 ll
876 3257 980 3313 8fecit
997 3275 1088 3314 omues

72 3336 184 3400 praeter
201 3329 271 3382 ΒΗ
281 3331 320 3398 119
340 3328 469 3383 existimo
483 3330 521 3398 D,
541 3328 644 3384 extimo
659 3332 714 3396 Hi,
734 3330 792 3385 scio
811 3332 891 3386 ceteri
912 3333 924 3400 [l
946 3336 979 3384 10
999 3347 1088 3405 anup-

76 3400 133 3454 stia
146 3402 176 3454 D
192 3400 197 3472 l
217 3399 385 3454 famulorum
404 3417 494 3456 omnes
509 3407 619 3471 praeter
632 3401 772 3472 riflum
790 3418 882 3471 epeia
890 3399 1115 3465 Dffiwffi

70 3488 120 3526 om.
131 3472 173 3524 ff
185 3473 200 3540 ll
220 3477 256 3524 12
274 3471 399 3544 contigit
417 3491 512 3532 carnea
529 3482 643 3547 praeter
664 3475 813 3544 mrum
830 3468 967 3538 §indidi
1075 3522 1078 3526 .
