2378 3832
316 217 319 222 -
435 184 553 240 AGRIC.
568 185 644 239 VIIII
660 192 727 239 1-6

333 435 392 501 on
416 433 610 500 vanums
634 382 826 501 pascuis.

141 559 240 626 Nunc
263 561 383 625 urenda
407 564 483 624 sunt
504 582 638 644 pascua,
661 563 698 623 ut
721 564 754 624 et
778 560 918 624 altorum
938 560 1031 625 fruti·
1065 559 1133 626 1111

74 672 152 716 cum
176 648 343 714 festinatio
366 647 561 733 reprimatur
579 649 620 713 ad
639 649 756 733 stirpes
775 652 809 712 et
827 647 964 714 incensis
984 649 1080 714 aridis

72 761 163 805 noua
185 736 302 803 laetius
325 737 427 802 herba
449 737 606 802 succedat.

44 1027 57 1068 a
440 1001 510 1067 'DE
534 1000 705 1067 HORTIS.

143 1127 216 1195 Hoc
235 1127 333 1191 etiam
353 1148 461 1191 meuse
479 1126 595 1192 ultimo
616 1127 708 1192 siccis
727 1126 807 1191 locis
827 1148 906 1210 rapa
924 1131 957 1191 et
975 1149 1077 1210 napus
1101 1126 1132 1193 V

74 1216 211 1281 serenda
234 1220 310 1279 sunt
332 1215 394 1280 bac
414 1215 549 1299 ratione,
573 1237 637 1298 qua
655 1216 777 1280 dictum
796 1219 854 1279 est.
890 1216 952 1280 hoc
972 1238 1079 1280 mense

73 1305 195 1369 ultimo
218 1304 299 1369 locis
324 1302 513 1368 siccioribus
537 1304 659 1368 radices
683 1307 842 1387 seruntur,
870 1326 950 1387 quae
973 1303 1078 1369 bieme

75 1395 128 1458 sui
148 1413 243 1457 usum
258 1391 451 1456 ministrent.
485 1397 596 1456 amant
615 1397 737 1456 terram
755 1393 918 1478 pinguem,
937 1393 1079 1457 solutam

32 1507 60 1545 1o
75 1487 109 1547 66
129 1481 185 1546 diu
203 1481 382 1562 subactam,
400 1481 529 1565 qualem
543 1503 628 1566 rapa.
655 1481 761 1546 tofum
776 1485 809 1545 et
824 1481 967 1566 glaream
982 1480 1079 1546 refor-

75 1570 210 1635 midant.
249 1569 390 1656 gaudent
413 1569 494 1635 caeli
517 1574 606 1634 statu
624 1570 789 1635 nebuloso.
832 1571 983 1634 serendae
1003 1574 1079 1634 sunt

75 1659 191 1744 spatiis
216 1658 392 1744 grandibus
416 1662 449 1722 et
472 1659 536 1723 alte
561 1658 667 1723 fossis.
711 1657 861 1724 meliores
883 1659 1080 1742 proueniunt
1102 1660 1123 1723 2

75 1748 110 1812 in
132 1745 271 1812 harenis.
319 1750 467 1811 serantur
489 1751 566 1831 post
588 1769 707 1812 nouam
729 1748 885 1831 pluuiam,
907 1747 971 1811 nisi
994 1746 1079 1812 forte

75 1837 204 1921 possint
227 1836 335 1920 rigari.
382 1837 468 1920 quod
492 1841 599 1901 satum
623 1842 682 1913 est,
706 1838 820 1901 statim
842 1837 938 1901 debet
961 1835 1079 1919 operiri

34 1948 60 1988 rs
74 1926 139 1990 leui
168 1924 304 1990 sarculo.
348 1924 498 2010 iugerum
525 1925 588 1990 duo
616 1924 749 1989 sextarii
776 1926 842 2007 uel,
874 1928 912 1988 ut
940 1925 1079 2008 quidam,

76 2018 245 2098 quattuor,
277 2036 350 2079 cum
379 2018 543 2097 seruntur,
571 2012 703 2098 inplent.
748 2013 909 2078 laetamen
936 2034 1001 2077 nou
1028 2018 1079 2077 est

74 2102 301 2188 ingerendum,
333 2103 389 2167 sed
420 2101 529 2186 potius
558 2102 683 2186 paleae,
715 2103 792 2185 quia
819 2101 893 2164 inde
921 2100 1078 2185 fungosae

75 2194 159 2256 sunt.
206 2191 373 2256 suauiores
400 2190 498 2274 fiunt,
530 2190 558 2254 si
586 2213 639 2254 eas
669 2211 753 2273 aqua
781 2190 867 2254 salsa
893 2188 1079 2271 frequenter

74 2300 239 2364 aspergas.
288 2278 412 2345 radices
444 2279 593 2344 feminini
624 2279 751 2364 generis
786 2281 958 2363 putantur,
996 2299 1078 2361 quae

33 2368 182 2433 suminus
215 2390 305 2433 acres
337 2372 414 2433 sunt
446 2372 479 2433 et
510 2368 632 2433 babent
663 2365 742 2432 folia
768 2367 901 2448 latiora,
932 2366 1018 2430 leuia
1046 2370 1079 2432 et

74 2478 148 2521 cum
171 2456 371 2522 iucunditate
394 2457 543 2522 uirentia.
581 2479 619 2520 ex
639 2456 690 2520 his
710 2476 787 2540 ergo
808 2454 932 2520 semina
950 2455 1078 2542 collige

73 2566 155 2610 mus.
202 2544 340 2610 maiores
371 2546 442 2610 fieri
474 2546 662 2630 creduntur,
695 2545 722 2609 si
755 2544 894 2609 sublatis
927 2544 1122 2610 omnibus3

73 2633 163 2699 foliis
187 2639 221 2698 66
239 2634 309 2700 solo
328 2635 420 2700 tenui
439 2636 531 2700 caule
551 2635 684 2699 dimisso
704 2655 798 2717 saepe
818 2633 915 2698 terris
935 2634 1080 2717 operian-

146 2896 673 2979 2TuncElsuntaridap1utom.
688 2895 1078 2968 FlalterquGlfructi-

73 2986 138 3022 cum
156 2969 187 3022 Ε
211 2971 220 3038 ΙΙ
248 2974 263 3021 3
284 2969 320 3021 ad
339 2968 443 3049 stirpes
458 2986 507 3023 om
519 2986 542 3038 p
563 2971 572 3039 ss
597 2967 721 3023 4lacius
739 2968 770 3022 F
792 2970 796 3038 t
821 2968 908 3022 herba
927 2984 977 3023 om.
993 2967 1075 3037 aopi

73 3039 227 3094 succedant
245 3057 303 3109 acy
325 3041 334 3110 tl
357 3046 373 3093 6
391 3039 491 3094 ultimo
510 3056 559 3094 om
571 3057 594 3109 p
618 3041 621 3110 6
645 3056 720 3109 napa
739 3041 768 3092 et
785 3056 874 3108 napus
893 3039 924 3092 Ε
944 3040 953 3108 Ι,
977 3043 991 3091 7
1012 3040 1078 3092 autc

74 3110 183 3165 dictum
201 3113 244 3164 est
262 3127 310 3177 as
329 3111 419 3182 [ante]
438 3111 544 3165 dictum
563 3113 606 3164 est
624 3128 660 3181 cp
681 3112 690 3181 {i
714 3117 729 3164 9
747 3126 881 3180 pinguem
900 3112 1004 3163 terram
1022 3109 1052 3161 Ε
1068 3108 1078 3180 tt

74 3188 107 3236 10
141 3183 170 3235 66
197 3188 259 3236 arcte
286 3153 335 3234 diu
363 3199 411 3236 om.
435 3182 497 3237 EG
526 3184 530 3252 Ι
560 3181 619 3251 Top
620 3182 687 3235 bum
714 3182 741 3235 V
764 3184 774 3252 ΙΙ
802 3187 835 3235 14
866 3179 975 3264 possint
1006 3179 1077 3232 forte

71 3256 166 3324 iocos
200 3255 204 3322 Ι
237 3251 328 3321 possit
357 3253 383 3306 Τ
410 3256 419 3324 ΙΙ
451 3259 484 3306 16
502 3253 651 3322 inplebant
678 3252 855 3322 (implebunt)
882 3253 894 3304 i
921 3257 945 3306 et
976 3251 1079 3305 codices

68 3331 180 3394 praeter
209 3323 235 3380 G
264 3326 274 3394 b
307 3328 339 3376 18
367 3324 427 3378 sola
450 3341 503 3393 pro
530 3324 605 3377 salsa
628 3341 650 3392 p
681 3324 691 3393 ΙΙ
722 3330 756 3378 20
784 3323 946 3377 accrescunt
973 3325 1002 3376 et
1029 3340 1047 3390 p
1072 3323 1075 3394 t

72 3395 181 3450 leuiora
202 3395 252 3465 ρι’,
275 3393 384 3449 leniora
405 3395 481 3449 leuia
500 3396 535 3464 F,
559 3394 628 3448 folia
649 3394 726 3449 linia.
751 3412 813 3448 cum
836 3396 877 3463 Ε,
902 3396 931 3448 66
952 3393 1028 3449 leuia
1051 3411 1076 3462 a,

73 3468 126 3590 bit]
153 3465 230 3520 leuia
252 3484 287 3537 cp
292 3483 317 3535 6
345 3483 388 3520 om
415 3484 438 3536 p
464 3469 473 3536 ΙΙ
500 3473 532 3520 21
556 3465 730 3521 iocunditate
753 3467 810 3522 PL
819 3438 878 3520 VE'
886 3465 982 3535 ΤΕ
974 3483 1078 3520 mcum-

94 3537 164 3591 tate
184 3537 228 3608 Q}
243 3484 447 3608 colligimus&
460 3540 470 3611 ΙΙ
484 3544 517 3594 22
538 3537 644 3597 ablatis
660 3538 688 3596 V
