2378 3832
448 109 757 168 reuersum-47
1040 110 1118 177 263·

96 280 178 344 quae
202 257 319 342 quibus
341 255 522 340 hospitium
543 261 712 341 praestent
735 256 890 342 uirgulta,
918 256 1050 342 docebo,

142 369 224 433 quae
249 346 293 410 sit
316 345 479 430 adoptiuis
503 347 599 410 arbor
622 349 740 410 onusta
764 345 875 410 comis.
1117 347 1162 412 20

96 437 168 522 ipse
191 436 259 520 poli
282 438 399 520 rector,
423 456 486 519 quo
509 435 618 500 lucida
641 435 748 499 sidera
771 438 916 516 currunt,

143 548 207 610 quo
231 525 295 588 fixa
319 528 369 589 est
390 524 498 605 tellus,
521 546 584 607 quo
608 523 682 588 fluit
705 523 792 588 unda
814 523 924 603 maris,

69 638 172 688 ecum
195 618 307 698 posset
331 612 451 678 mixtos
473 613 573 676 ramis
596 613 747 678 inducere
770 613 867 679 fiores

142 707 176 769 et
199 703 291 767 uaria
313 701 484 787 granidum
507 701 642 786 pingere
665 701 779 766 fronde
802 723 926 785 nemus,

71 840 72 843 κ
98 792 250 879 dignatus
273 795 405 856 nostros
428 791 491 856 hoc
514 791 671 876 insignire
695 791 834 873 labores,
1120 791 1164 858 25

141 885 294 946 naturam
316 880 387 944 fieri
411 879 520 944 sanxit
543 880 583 943 ab
608 883 678 944 arte
701 901 831 944 nouam.

97 992 164 1035 non
188 991 286 1056 segne
310 967 455 1033 officium
477 972 609 1033 nostrae
632 990 705 1034 reor
729 990 799 1033 esse
823 990 974 1035 camenae

57 1090 84 1129 ιο
142 1063 200 1124 aut
223 1057 330 1142 operis
353 1056 448 1142 parui
471 1057 578 1142 gratia
600 1057 658 1121 fiet
679 1058 784 1141 inops.

98 1149 127 1212 si
150 1146 272 1212 uelocis
296 1168 396 1231 equae
420 1147 514 1231 pigro
538 1147 695 1211 miscetur
718 1146 818 1234 aselio

143 1237 247 1320 ardor,
270 1240 308 1301 ut
330 1236 365 1300 in
388 1236 532 1300 sterilem
555 1257 607 1300 res
631 1235 725 1300 cadat
748 1239 821 1300 acta
844 1237 982 1322 gradum
1118 1236 1164 1302 30

60 1394 65 1417 s
97 1326 335 1410 fecundumque
358 1345 460 1410 genus
483 1325 661 1409 productus
686 1325 793 1389 deleat
815 1326 910 1390 heres

144 1420 177 1480 et
200 1414 264 1479 sibi
287 1413 450 1478 defectum
473 1414 566 1497 copia
588 1413 691 1498 prolis
715 1418 806 1500 agat:

57 1527 156 1574 150111
178 1526 245 1569 non
268 1503 365 1567 arbor
387 1502 482 1585 inops
505 1502 698 1588 pinguescat
720 1504 762 1567 ab
786 1502 917 1588 hospite
940 1526 1072 1591 gemma

144 1597 178 1657 et
200 1592 296 1658 decus
320 1592 445 1656 externi
467 1591 557 1658 floris
581 1592 698 1676 adepta
721 1592 843 1658 micet?

98 1682 263 1766 incipiam,
286 1680 440 1766 quicquid
463 1685 590 1746 ueteres
614 1681 772 1766 scripsere
797 1681 913 1767 coloni,
1119 1682 1164 1749 35

144 1791 299 1854 sacraque
322 1770 505 1854 priscorum
527 1771 630 1835 uerba
652 1771 764 1836 labore
787 1793 913 1856 sequar.

99 1860 259 1945 principio
284 1859 415 1936 multas„
429 1860 551 1944 species
574 1859 736 1925 industria
759 1861 873 1925 sollers

56 1979 85 2019 ac
144 1947 283 2033 protulit
305 1951 339 2012 et
361 1947 492 2013 doctam
514 1948 612 2013 iussit
635 1949 717 2013 inire
741 1970 883 2014 manum.

100 2061 176 2104 nam
198 2059 420 2122 quaecumque
442 2037 552 2101 uirens
575 2037 690 2101 alienis
712 2036 882 2102 frondibus
906 2041 1003 2105 arbos

145 2127 296 2211 comitur,
317 2124 370 2190 his
394 2126 491 2191 discit
514 2126 637 2190 credita
659 2125 742 2190 ferre
766 2126 880 2191 modis.
1119 2127 1165 2192 40

62 2296 64 2303 Ι
100 2219 157 2280 aut
178 2237 265 2281 noua
287 2214 428 2280 discreto
451 2215 598 2300 figuntur
620 2214 768 2300 germina
791 2214 876 2280 libro

145 2309 204 2370 aut
226 2304 313 2368 aliud
337 2308 471 2368 sumunt
494 2305 613 2368 robora
635 2304 713 2368 fissa
736 2309 833 2388 caput

57 2424 85 2463 25
100 2398 159 2459 aut
181 2393 301 2458 uirides
326 2394 438 2458 oculos
462 2392 587 2457 externi
609 2414 738 2478 gemma
761 2394 901 2460 tumoris

146 2482 264 2566 accipit
287 2487 320 2547 et
342 2483 432 2547 lento
457 2481 633 2566 stringitur
655 2483 719 2546 uda
743 2481 824 2548 sinu.

509 2713 569 2779 Du
592 2713 708 2779 VITE.

144 2838 275 2904 Primus
299 2839 439 2906 echionii
462 2839 586 2924 palmes
610 2839 800 2925 seiungere
824 2838 947 2906 Bacchi
1120 2838 1166 2904 45

189 2929 284 2994 nouit
307 2934 340 2994 et
363 2933 496 2994 externo
520 2928 664 2992 tenditur
687 2950 752 2992 uua
774 2951 874 2994 mero.

57 3045 87 3086 co
144 3018 307 3084 nexilibus
330 3019 468 3104 gemmis
491 3017 644 3081 fecundos
667 3016 804 3101 inplicat
827 3023 919 3084 artus
958 3058 961 3063 ·

173 3200 188 3248 2
207 3194 330 3248 honusta
344 3194 411 3246 BH
429 3195 440 3263 ss
463 3197 478 3246 6
497 3191 578 3262 fruge
592 3191 622 3245 D
644 3192 654 3261 ss
677 3197 709 3245 21
730 3192 803 3248 hanc
820 3193 847 3247 A
861 3196 870 3264 ss
884 3199 917 3246 22
940 3191 1114 3318 ereditcAp

100 3271 135 3321 23
153 3265 299 3336 finguntur
316 3265 379 3320 AD
392 3266 401 3334 ΙΙ
415 3270 450 3318 24
469 3280 577 3317 summo
595 3262 696 3318 robore
714 3263 870 3346 BGtoeps
885 3266 889 3336 Ι
906 3264 961 3318 fixa
978 3265 1015 3333 A,
1035 3263 1100 3334 capi

99 3337 267 3408 BGiacpa
291 3337 356 3391 fissa
379 3335 456 3405 capit
472 3335 503 3390 D
521 3336 553 3389 in
574 3350 629 3389 ras.
653 3337 663 3404 ΙΙ
690 3334 1008 3407 25uiride1sDtacps
1032 3335 1037 3408 Ι
1066 3350 1114 3390 cx-

98 3408 183 3464 tremi
201 3428 220 3463 a
242 3411 245 3479 t
270 3411 393 3463 tumores
411 3407 439 3462 A
459 3409 468 3478 ΙΙ
491 3412 524 3460 27
543 3405 592 3460 DE
610 3405 697 3460 VITE
716 3413 741 3461 ct
759 3414 859 3463 ceteros
873 3408 975 3462 titubes
991 3405 1142 3468 ornes&

98 3485 135 3536 28
153 3479 288 3550 echionijs
304 3481 337 3535 I)
351 3481 358 3552 Ι
372 3478 471 3551 iugero
491 3479 520 3536 D
536 3477 650 3554 tbacbi
667 3478 736 3537 ΑΗ
