2370 3832
101 143 167 208 104
522 142 691 196 PALLADE

49 291 94 357 18
105 288 294 355 stramentis
314 289 352 354 de
372 289 531 373 superiori
548 293 642 373 parte
660 288 827 373 cooperiri.
864 289 949 353 mela
967 290 1115 373 rotunda,

104 401 187 464 quae
212 378 393 444 orbiculata
416 376 575 463 dicuntur,
599 378 668 443 sine
691 400 768 443 cura
788 381 859 442 toto
879 399 964 442 anno
983 400 1114 443 seruare

103 489 138 531 se
167 471 313 552 possunt.
360 467 416 531 alii
441 468 475 532 in
497 471 596 551 puteo
620 466 673 531 uel
697 465 837 532 cisterna
860 472 1014 552 mergunt
1036 489 1116 532 uasa

103 557 229 639 fictilia,
252 554 370 639 quibus
394 556 568 641 diligenter
590 555 707 639 picatis
731 560 765 619 et
788 555 907 620 clausis
926 554 1012 620 mela
1031 578 1115 621 com-

104 646 251 710 mittunt.
298 645 353 708 alii
382 667 421 709 ex
448 645 564 709 arbore
592 644 677 708 mela
702 644 825 708 inlaesa
849 648 1059 728 sumpserunt
1082 648 1115 710 et
1135 669 1150 710 a

104 732 263 819 pediculis
287 755 398 798 eorum
422 734 493 818 pice
517 733 656 797 feruenti
679 733 793 797 mersis
814 755 912 817 supra
930 733 1115 798 tabulatum

105 844 164 906 per
192 822 337 887 ordinem
366 823 594 906 disposuerunt
621 844 741 886 nucum
769 821 856 886 foliis
886 823 999 887 subter
1023 845 1117 907 expo·

106 911 189 976 sitis.
234 911 380 997 plerique
410 911 539 976 scobem
566 911 679 994 populi
704 911 757 974 uel
781 911 899 975 abietis
922 910 1009 976 inter
1033 912 1118 977 mela

51 1000 94 1066 19
107 1000 301 1065 diffundunt,
338 1004 468 1065 constat
491 999 576 1064 mela
595 1000 641 1064 sic
659 1000 817 1084 ponenda,
840 1004 877 1063 ut
893 1001 1117 1085 pediculorum

106 1094 218 1174 partes
245 1090 395 1154 deorsum
423 1089 524 1154 facias
552 1110 670 1172 neque,
702 1092 877 1172 antequam
909 1089 982 1153 usui
1010 1112 1152 1155 neces-n

108 1179 194 1244 saria
217 1179 390 1244 uideantur
413 1201 492 1263 esse,
516 1179 695 1263 contingas.
733 1179 846 1242 uinum
871 1181 904 1242 et
927 1181 1055 1243 acetum
1079 1179 1117 1243 fit

55 1268 100 1334 20
110 1291 149 1332 ex
167 1268 271 1351 melis,
294 1269 379 1333 sicut
398 1290 436 1331 ex
454 1265 535 1352 piris
554 1270 629 1332 ante
647 1267 805 1351 praecepi.
840 1267 993 1350 cydoneis
1013 1290 1117 1333 seren-

109 1357 158 1422 dis
191 1357 337 1441 plerique
370 1361 518 1440 tempora
546 1356 675 1421 diuersa
704 1356 866 1419 dixerunt:
899 1360 1009 1420 tamen
1037 1355 1119 1420 mihi

74 1454 77 1460 '
109 1468 169 1510 usu
198 1449 388 1528 conpertum
417 1450 467 1510 est
496 1444 530 1508 in
557 1444 654 1509 Italia
682 1443 767 1509 circa
791 1443 914 1508 Vrbem
940 1467 1052 1509 mense
1075 1445 1118 1508 fe-

109 1534 241 1598 bruario
260 1534 312 1597 uel
332 1533 505 1598 inchoante
525 1535 644 1597 martio
659 1533 788 1617 plantas
804 1534 1022 1618 cydoneorum
1036 1534 1152 1598 radi-1⁵

111 1625 201 1686 cates
220 1621 255 1684 in
273 1623 439 1705 pastinato
461 1620 530 1685 solo
550 1621 693 1686 tenuisse
710 1623 789 1686 adeo
803 1622 952 1704 feliciter,
970 1627 1008 1686 ut
1023 1645 1117 1706 saepe

110 1709 276 1793 sequentis
294 1709 370 1773 anni
384 1709 477 1794 fruge
493 1709 680 1794 gauderent,
699 1710 727 1774 si
741 1709 850 1793 posita
864 1711 996 1776 maioris
1012 1716 1118 1776 status

110 1798 263 1862 fuissent.
296 1798 376 1862 locis
410 1797 504 1862 siccis
534 1802 567 1862 et
597 1797 709 1862 calidis
739 1803 882 1864 extremo
911 1801 1040 1865 octobri
1067 1800 1118 1864 uel

111 1886 284 1951 nouembri
306 1885 479 1951 inchoante
503 1891 676 1970 ponantur.
712 1892 823 1953 amant
846 1887 988 1973 cydonea
1010 1889 1119 1954 locum

111 1976 277 2062 frigidum,
299 1980 471 2041 umectum.
509 1976 536 2039 si
559 1976 592 2040 in
616 1976 726 2060 tepido
751 1981 945 2060 statuantur,
968 1999 1051 2062 opus
1071 1983 1154 2044 estro

58 2065 179 2132 2111111
203 2065 364 2152 rigatione
388 2065 540 2130 succurri.
585 2065 694 2129 ferunt
722 2069 832 2129 tamen
855 2070 977 2130 statum
1001 2067 1119 2132 medio·

113 2155 176 2220 cris
196 2155 278 2220 situs
297 2157 383 2219 inter
400 2159 551 2219 naturam
570 2153 703 2240 frigoris
723 2159 755 2219 et
775 2155 892 2219 caloris
912 2159 945 2219 et
964 2156 999 2218 in
1012 2156 1119 2239 planis

113 2249 146 2309 et
170 2245 203 2309 in
227 2244 406 2310 decliuibns
429 2243 634 2329 proueniunt,
656 2243 760 2328 magis
784 2247 894 2308 tamen
911 2244 1069 2310 inclinata
1087 2249 1120 2309 et

113 2333 235 2397 deuexa
254 2334 447 2398 desiderant.
484 2337 597 2397 serunt
615 2331 715 2415 aliqui
734 2333 955 2397 cacuminibus
974 2337 1007 2397 et
1026 2333 1121 2418 talea,

114 2422 170 2486 sed
189 2423 301 2487 tardus
321 2421 420 2487 estin
433 2427 570 2506 utroque
584 2425 770 2506 prouentus.
801 2422 849 2486 ita
862 2423 1029 2506 ponendae
1045 2427 1121 2487 sunt
1133 2445 1157 2488 1

113 2509 225 2594 largae
253 2511 385 2575 arbores
414 2511 562 2595 cydonei,
593 2533 634 2575 ne
663 2510 799 2574 alteram
828 2511 994 2594 quatiente
1021 2516 1120 2576 uento

59 2601 104 2665 22
115 2597 318 2663 stillicidium
340 2603 456 2684 tangat
480 2597 622 2663 alterius.
660 2599 736 2663 dum
759 2600 866 2664 minor
889 2604 939 2664 est
957 2600 1009 2664 uel
1029 2598 1121 2684 poni-

185 2789 361 2860 1superiore
379 2807 456 2859 cepa
480 2792 484 2858 1
510 2788 628 2858 coperiri
649 2791 682 2859 G
704 2791 861 2860 cohoporiri
879 2793 910 2845 E
937 2795 941 2860 1
970 2791 1048 2873 Mala
1066 2794 1097 2847 E
1101 2792 1122 2873 11

112 2861 293 2916 1011111111
313 2862 339 2916 G
364 2864 368 2933 1
393 2860 537 2914 curatione
557 2877 630 2914 anno
651 2862 677 2916 G
702 2867 705 2926 Ι
731 2862 837 2916 seruari
856 2881 932 2933 ceps
958 2865 967 2932 11
996 2869 1011 2917 3
1034 2862 1066 2916 in
1084 2862 1122 2917 ci-

113 2935 238 2989 aterna
226 2951 290 3003 aas,
310 2932 363 3005 [in]
383 2931 550 3003 11111914
570 2932 670 2986 commi
671 2935 811 2986 t'tuntur
800 2940 944 3004 1119117
968 2933 1122 3004 disponunt

113 3007 207 3087 iocos
234 3008 243 3075 11
270 3005 432 3059 8scrobem
450 3004 480 3056 Ε
508 3012 511 3068 1
542 3002 644 3056 abrec
623 3006 660 3057 1s
679 3004 747 3073 LQ,
771 3004 878 3059 habre
857 3008 894 3059 rs
915 3006 941 3060 G
967 3008 976 3075 11
1005 2954 1035 3058 lpl
1058 3023 1121 3060 oon·

112 3077 227 3158 tinguas
237 3078 267 3130 E
279 3078 288 3145 11
303 3082 335 3128 12
349 3075 398 3129 DE
409 3073 555 3129 CIDONEI
543 3074 600 3126 IS
589 3092 640 3128 aas.
650 3076 681 3129 E
696 3077 700 3146 1
716 3074 840 3128 ordonels
854 3079 883 3144 T
898 3076 1025 3145 sydoniis
1039 3079 1098 3132 edd
1112 3076 1123 3148 11

115 3154 148 3201 14
171 3148 232 3202 visu
255 3149 285 3201 E
310 3150 319 3217 11
348 3153 380 3202 15
404 3145 583 3199 oidoneorum
606 3146 666 3213 ΒΕ,
691 3145 863 3200 oidoniorum
886 3151 915 3216 T,
939 3148 1123 3228 sydoniorum

114 3221 173 3274 cdd
193 3223 202 3290 11
226 3226 257 3274 17
278 3219 415 3289 gauderet
432 3218 463 3270 E
483 3219 492 3285 11
516 3223 548 3270 19
568 3216 686 3298 oidonca
704 3217 798 3297 ΒΕΕ,
818 3192 938 3286 cydonia
959 3221 988 3287 Τ
1008 3216 1122 3288 sydonii

114 3292 174 3344 edd
198 3294 207 3360 11
230 3297 263 3344 20
278 3237 475 3343 statuuntur'
464 3305 557 3359 scopa
583 3291 592 3358 11
620 3295 652 3341 21
674 3286 840 3368 irrigatione
859 3291 890 3344 Ε
912 3292 916 3359 1
942 3293 1003 3343 scat
1005 3309 1051 3344 um
1073 3290 1124 3362 Qu

115 3365 148 3412 22
169 3360 385 3416 situs-caloris
404 3375 453 3412 om
468 3360 496 3413 L
511 3362 515 3429 1
533 3365 565 3412 23
584 3362 680 3413 tamen
697 3358 788 3428 magis
807 3361 929 3419 1111125
948 3361 1123 3443 111111111Ε11

115 3429 1123 3513 1611111θΕ1111111118,111111111111111111111111111111

112 3503 162 3554 tur
179 3518 228 3555 om
236 3520 274 3570 p,
296 3504 324 3555 et
339 3501 456 3572 ponitur
473 3474 534 3556 bob
549 3503 590 3570 Ε
610 3501 656 3556 uel
674 3502 787 3572 quando
805 3503 920 3572 ponitur
938 3506 1030 3575 inops
