2378 3832
408 186 526 243 Acme.
540 187 567 242 Π
582 193 685 242 14-15
1007 188 1048 252 61

67 328 157 410 quibus
185 331 386 417 adseriptum
414 337 473 398 est.
518 333 580 398 hoc
609 335 708 401 etiam
737 355 846 399 mense
875 333 988 398 allium
1016 338 1049 398 et

65 416 181 502 ulpicum
209 422 291 486 bene
319 426 458 488 seretur:
487 423 543 486 scd
570 423 647 487 allio
676 424 751 488 alba
778 419 866 487 terra
890 422 1050 507 proficiet.

433 724 493 790 ΒΕ
516 722 658 790 POMIS.

108 865 259 932 SORBA.
282 866 399 932 Mense
407 866 564 946 ianuario,
578 867 742 932 februario
760 870 793 930 et
808 867 926 932 martio
941 868 1025 932 locis
1041 867 1104 933 XV

37 949 178 1041 stupidis,
202 956 317 1022 calidis
335 977 413 1021 uero
433 956 560 1021 octobri
579 960 613 1020 et
631 956 802 1020 ncucmbri
821 955 920 1020 sorba
938 978 1049 1020 serun-

54 1044 97 1109 tur
121 1043 267 1131 egregie,
294 1045 342 1110 ita
369 1049 407 1109 ut
433 1049 563 1110 matura
590 1045 625 1110 in
652 1045 826 1109 seminario
854 1044 927 1127 ipsa
951 1068 1050 1128 poma

49 1137 234 1220 pungantur.
266 1155 332 1220 ego·
347 1138 501 1218 expertus
520 1157 591 1199 sum
606 1134 730 1198 multa-s
742 1133 875 1198 arbores
890 1155 929 1197 ex
942 1134 1048 1216 pomis

48 1229 155 1306 sponte
180 1223 370 1309 progenitas
393 1227 427 1288 et
448 1223 484 1287 in
507 1223 681 1288 crescendo·
702 1226 735 1286 et
757 1223 792 1286 in
815 1221 947 1286 ferendo
971 1222 1050 1287 exti-

47 1310 119 1377 tisse
148 1312 268 1377 felices.
313 1311 443 1396 plantas
471 1311 571 1376 ctiam
600 1312 628 1376 si
656 1310 728 1394 quis
753 1331 874 1394 ponere
896 1311 1049 1395 uoluerit,
1073 1317 1094 1379 2

28 1400 175 1465 >habebit
204 1400 390 1484 arbitrium,
418 1401 591 1465 dummodo
620 1400 733 1464 calidis
757 1398 839 1465 locis
862 1422 971 1465 mense
994 1422 1049 1465 no·

44 1490 183 1574 cambri,
214 1490 405 1574 temperatis
437 1490 584 1554 ianuario
616 1489 671 1552 uel
701 1488 883 1573 februari0,
920 1489 1049 1575 frigidis

41 1578 159 1643 martio
187 1577 365 1643 inclinante
393 1577 553 1662 disponat.
599 1582 688 1642 amat
714 1578 787 1643 loca
808 1579 932 1662 umida,
961 1598 1051 1644 mon-

40 1673 117 1733 tana
141 1671 175 1732 et
197 1665 326 1753 frigidis
348 1667 510 1752 proxima,
534 1666 642 1731 solum·
662 1667 929 1753 pinguissimum:
957 1668 1049 1733 cuius

39 1755 196 1822 indicium
229 1757 448 1821 certissimum
478 1755 574 1842 facit,
610 1755 639 1820 si
670 1755 822 1840 frequens
854 1755 1050 1841 ubicumque

38 1847 204 1913 nascatur.
244 1845 358 1929 planta
380 1849 431 1910 eat
453 1844 678 1910 transferenda
700 1845 875 1930 robustior,
901 1846 1051 1911 scrobem

38 1934 204 2000 desiderat
231 1935 382 1999 altiorem
409 1938 443 1998 et
471 1935 579 2018 spatia
611 1934 767 2019 largiora,
798 1939 849 2017 ut,
882 1935 969 2019 quod
1001 1935 1051 1998 illi

37 2023 181 2088 maxime
207 2023 355 2108 prodest,
382 2045 401 2087 a
429 2023 536 2088 uentis
558 2022 784 2107 frequentibus
808 2023 934 2108 agitata
956 2043 1050 2107 gran·

37 2113 159 2178 descat.
197 2111 226 2176 si
247 2134 374 2177 uermes
397 2113 542 2196 patietur
563 2111 711 2192 infestos,
735 2112 791 2195 qui
814 2111 849 2175 in
871 2134 909 2176 ea
932 2111 994 2175 rufi
1013 2134 1051 2177 ac
1074 2117 1095 2180 3

36 2200 141 2286 pilosi
165 2201 270 2265 solent
293 2201 455 2267 medullae
474 2201 604 2266 interna
627 2200 759 2284 sectari,
787 2200 914 2285 aliquos
937 2222 976 2264 ex
998 2198 1050 2263 his

37 2288 109 2355 sine
146 2289 272 2355 arboris
304 2289 424 2354 iniuria
455 2290 620 2355 detractos
652 2289 764 2354 uicino
794 2310 976 2354 crememus·
1005 2289 1052 2352 in-

37 2379 164 2445 cendio.
211 2379 386 2444 creduntur
412 2379 476 2444 hoc
504 2400 621 2466 genere
648 2378 702 2442 uel
721 2378 837 2463 *fugere
860 2377 913 2443 nel
936 2377 1052 2460 perire.

37 2467 69 2533 si
96 2468 206 2532 minus
232 2467 320 2533 ferre
346 2467 502 2553 coeperit,
530 2469 625 2532 tedae
650 2489 770 2531 cuneus
795 2467 863 2532 eius
887 2467 1051 2533 radicibus

36 2556 202 2623 inseratur
221 2557 273 2621 uel
293 2557 378 2622 circa
396 2557 548 2623 ultimam
565 2562 693 2641 partem
710 2555 800 2621 fossa
817 2557 905 2623 facta
920 2558 1050 2621 cumulo

36 2645 163 2733 ingesti
194 2644 312 2713 cineris
346 2646 552 2730 adaequetur.
599 2667 708 2710 mense
742 2644 839 2730 aprili
871 2645 969 2711 sorba
1001 2646 1098 2712 iri-4

113 2845 127 2892 1
149 2837 303 2908 ascriptum
320 2839 360 2920 Ε.
375 2839 378 2909 1
404 2838 452 2892 DE
471 2837 556 2923 AluIO
574 2838 622 2891 ET
640 2837 886 2895 vermense
905 2840 909 2909 1
935 2841 964 2891 et
981 2836 1053 2938 ulpi'-

38 2926 210 3035 essene
230 2909 729 3052 ltrettt'ncnlnfft
746 2909 1053 3060 patiendas

38 3051 130 3122 pomis
155 3054 178 3120 i,
216 3051 257 3105 De
284 3052 388 3122 pomis,
415 3052 446 3105 in
473 3068 506 3106 eo
525 3060 571 3108 etc.
591 3071 618 3120 a,
647 3051 688 3105 De
715 3068 817 3120 pomis,
847 3051 929 3104 sorbo
948 3057 993 3104 etc.
1013 3068 1026 3104 s
1044 3050 1054 3122 11

38 3122 196 3179 tSORBA
214 3140 264 3177 cm.
283 3125 343 3178 edd.
366 3126 376 3194 11
399 3129 414 3176 5
434 3122 535 3177 calidis
553 3139 619 3177 uero
638 3140 688 3178 om.
700 3141 722 3191 p
744 3125 753 3192 11
777 3129 792 3176 6
811 3121 942 3202 egregiae
966 3122 993 3175 V
1026 3124 1055 3174 et

38 3199 181 3263 naturap
203 3197 212 3264 11
236 3201 250 3247 7
270 3198 450 3264 pungnantur
469 3197 496 3248 P
517 3198 526 3265 11
549 3199 565 3248 8
584 3194 701 3248 serendo
720 3195 751 3247 Ε
771 3197 780 3264 11
804 3199 819 3247 9
841 3210 906 3262 quis
928 3209 978 3246 oue.

42 3273 74 3320 12
95 3265 194 3319 umida
208 3283 258 3320 cra.
270 3283 292 3333 p
305 3268 314 3334 11
329 3272 362 3319 13
382 3270 410 3320 et
424 3267 514 3320 solum
528 3283 577 3334 as,
596 3267 648 3338 [ct]
664 3265 754 3319 solum
768 3283 803 3335 cp
817 3267 826 3334 11
842 3270 875 3318 14
889 3262 1032 3331 ubiqueG

42 3344 75 3391 15
93 3337 240 3391 referenda
258 3337 289 3389 E
301 3340 310 3406 11
326 3344 358 3392 16
377 3336 481 3391 latiora
499 3339 536 3405 Ε,
556 3336 684 3406 longiora
702 3340 785 3407 61117
805 3335 926 3388 maxime
945 3352 995 3390 om.
1015 3337 1027 3389 a'

41 3416 74 3462 19
95 3408 208 3462 interna
225 3407 366 3462 medullae
385 3425 479 3463 secare
498 3410 528 3462 E
544 3411 553 3478 11
576 3413 610 3461 20
629 3407 733 3462 iniuria
753 3406 859 3462 arboris
878 3408 908 3462 Ε
924 3409 933 3477 11
957 3413 990 3461 22
1010 3424 1055 3461 ce-

39 3479 115 3551 perit
135 3479 161 3534 G
177 3481 181 3550 1
197 3479 281 3532 taede
300 3480 398 3550 PQG,
417 3480 519 3534 taedae
538 3481 564 3534 V
579 3482 589 3551 11
607 3485 640 3533 23
658 3482 771 3550 partem
787 3478 922 3534 ultimam
935 3480 1069 3549 tacqstt

39 3558 73 3604 24
91 3549 204 3616 ingenti
224 3549 331 3603 cineres
349 3552 383 3605 Ε
