2378 3832
104 171 169 238 262
522 172 692 227 PALLADE

103 319 178 384 lere.
223 319 278 384 diu
301 323 413 384 tamen
435 319 519 402 apud
542 322 575 384 te
598 319 755 403 pudorem
778 339 886 383 meum
910 315 1034 401 distuli,
1057 314 1111 380 sed

103 408 166 473 hoc
190 408 284 492 quasi
300 409 406 473 bonus
426 407 566 473 famulus
585 406 656 473 feci.
693 429 808 472 uerum
826 405 947 491 nescio,
973 406 1111 470 situum

73 497 145 565 3ad
167 497 228 561 has
258 497 354 563 modo
381 497 538 562 minutias
566 495 742 562 inclinetur
767 495 945 582 ingenium.
992 494 1112 580 grande

105 585 168 649 erit
191 589 224 650 et
246 607 306 670 par
329 585 487 651 desiderio
511 608 580 668 suo,
604 586 691 669 quod
710 583 811 651 studii
834 585 883 649 tui
907 587 1044 669 quaeret
1062 582 1113 646 ad-

104 673 213 738 fectio.
250 678 284 739 et
305 674 382 740 licet
401 676 440 739 de
458 675 510 739 his
528 673 625 760 nugis
644 672 871 739 fauorabiliter
894 673 1028 753 sentias,
1052 693 1112 756 ego
1135 702 1146 741 s

105 785 193 826 meas
226 784 303 847 opes
333 764 519 829 existimare
550 784 618 828 non
649 763 772 828 differo.
821 785 888 829 non
919 765 970 827 est
1002 759 1113 847 magni

105 851 169 916 loci
201 852 328 917 assibus
361 853 524 917 intuendis
552 852 663 918 oculos
691 852 821 917 duxisse
847 873 906 936 per
935 850 1113 935 puluerem,

106 940 183 1023 quia
195 941 306 1006 nescio
324 942 483 1027 quomodo
506 944 605 1007 notae
625 945 703 1006 sunt
720 940 877 1027 quaedam
896 940 1112 1006 maximarum

104 1051 316 1112 personarum
340 1031 466 1096 minuta
488 1030 676 1114 conpendia.

103 1401 278 1489 Pasiphilo,
301 1408 435 1469 ornatus
457 1404 542 1488 fidei,
565 1403 617 1469 cui
639 1404 708 1468 iure
731 1403 880 1486 fatemur,
1125 1429 1147 1469 ιο

149 1493 177 1556 si
202 1493 279 1576 quid
301 1492 335 1557 in
359 1515 476 1559 arcano
499 1493 641 1579 pectoris
665 1493 782 1557 umbra
804 1493 897 1579 tegit,

103 1579 155 1644 bis
179 1585 303 1665 septem
325 1604 454 1665 paruos,
478 1603 559 1666 opus
583 1580 772 1669 agricolare,
794 1580 933 1665 libellos,

149 1691 230 1752 quos
254 1691 368 1734 manus
390 1671 471 1736 haec
495 1671 627 1755 scripsit
649 1674 742 1755 parte
767 1669 882 1735 silente
905 1670 1035 1755 pedum,

73 1757 163 1823 bnec
187 1758 319 1823 strictos
342 1760 486 1824 numeris
508 1781 568 1824 nec
587 1759 750 1845 Apollinis
775 1780 869 1824 amne
892 1759 1031 1824 fluentes

148 1845 204 1910 sed
227 1869 309 1930 pura
332 1850 461 1912 tantum
483 1848 667 1914 rusticitate
690 1849 787 1914 rudes

104 1936 320 2020 commendas,
343 1937 497 2023 dignaris,
520 1960 609 2004 amas
633 1943 667 2003 et
689 1938 769 2003 uilia
792 1936 879 2003 dicta

148 2025 278 2090 adfectu
301 2027 381 2091 socii
405 2025 603 2092 sollicitante
627 2028 717 2093 colis.

103 2135 189 2179 nunc
211 2115 284 2180 ideo
307 2115 470 2181 modicum
492 2138 639 2182 crescens
662 2115 781 2182 fiducia
804 2135 935 2179 carmen

52 2201 94 2266 10
149 2203 270 2268 obtulit
292 2205 428 2270 arbitrio
451 2205 656 2270 laetificanda
680 2209 747 2269 tuo.

104 2296 138 2356 et
158 2297 291 2358 nostrae
315 2294 459 2358 studium
481 2316 548 2359 non
571 2293 816 2359 condemnabile
839 2290 951 2358 Musae
1126 2317 1150 2358 ro

147 2383 309 2447 urbanum
331 2382 394 2447 fari
416 2382 610 2448 rusticitatis
634 2404 728 2467 opus:

104 2469 165 2534 sub
188 2471 325 2536 thalami
349 2473 455 2556 specie
479 2471 589 2537 felices
612 2471 747 2557 iungere
771 2470 881 2553 siluas,

148 2563 186 2623 ut
209 2560 317 2625 suboli
340 2561 462 2626 mixtus
486 2564 611 2628 crescat
632 2561 797 2644 utrimque
820 2559 925 2644 decor,

53 2644 95 2710 15
105 2669 347 2734 connexumque
370 2672 484 2714 nemus
507 2649 629 2715 uestire
654 2650 813 2714 adfinibus
836 2647 961 2713 umbris

149 2742 182 2801 et
205 2738 335 2823 gemina
356 2742 488 2821 partum
510 2739 685 2804 nobilitare
709 2760 811 2823 coma,
1127 2761 1151 2804 a

104 2824 289 2892 foederibus
313 2827 440 2892 blandis
464 2829 573 2893 dulces
598 2829 794 2894 confundere
817 2848 912 2893 sucos

150 2920 182 2980 et
204 2916 328 2981 laetum
351 2915 471 3001 duplici
496 2917 590 3004 fruge
615 2917 741 3002 saporis
765 2917 822 2981 ali:

175 3107 278 3163 ufecit
295 3110 331 3162 H
340 3110 349 3177 l
368 3114 384 3162 3
402 3109 485 3164 modo
506 3111 542 3163 ad
559 3110 611 3164 has
629 3111 665 3163 H
679 3112 688 3179 ΙΙ
706 3116 723 3162 4
742 3111 861 3178 quaerat
879 3109 917 3177 D,
936 3108 1038 3177 querat
1057 3106 1089 3167 H
1105 3106 1116 3178 ll

105 3179 289 3234 caestimare
307 3197 398 3236 omues
412 3187 522 3250 praem
539 3182 609 3236 ΠΗ
632 3181 636 3251 l
666 3180 740 3234 euim
759 3197 813 3250 pro
839 3181 882 3234 est
899 3180 929 3234 D
955 3181 965 3249 ll
993 3183 1116 3247 Squae·

105 3249 171 3304 dam
190 3253 255 3304 sunt
273 3252 343 3306 ΠΗ
362 3254 366 3321 Ι
396 3253 437 3306 Dc
459 3251 639 3306 insitionibus
662 3251 736 3306 liber
753 3250 831 3305 XUH
848 3251 945 3305 abuerit
963 3249 998 3317 0,
1023 3249 1115 3320 Argu-

103 3324 272 3376 mentumH
280 3325 291 3426 i
307 3330 340 3377 10
353 3322 525 3405 PassigleH
538 3328 541 3386 Ι
557 3321 830 3392 Pasiphile-micet
843 3337 893 3376 om.
908 3321 956 3402 A]
972 3321 1095 3401 cumD²

104 3390 224 3448 fatemer
240 3395 271 3449 D
302 3397 319 3523 i
341 3401 375 3449 14
395 3397 512 3465 scriptos
531 3394 579 3449 D¹
595 3395 598 3466 l
615 3393 766 3463 appollinis
780 3393 808 3446 B
830 3391 840 3465 ll
868 3399 901 3446 16
920 3391 1045 3462 d1gnens
1060 3392 1088 3446 B

94 3461 166 3518 uilia
183 3465 283 3538 B'II,
319 3467 379 3524 ulia
397 3468 456 3541 D1,
474 3465 583 3523 rustica
601 3462 1117 3534 cdeult'llatisctill1ll20ccmen·

79 3533 184 3592 (labile
199 3539 312 3613 Ε1123
332 3543 439 3602 mistas
457 3544 490 3604 D
504 3545 517 3618 ll
528 3547 563 3599 Ἡ
584 3538 681 3596 letum
696 3554 709 3592 ὃ
