<?xml version="1.0" encoding="UTF-8"?>
<!DOCTYPE html PUBLIC "-//W3C//DTD XHTML 1.0 Transitional//EN"
    "http://www.w3.org/TR/xhtml1/DTD/xhtml1-transitional.dtd">
<html xmlns="http://www.w3.org/1999/xhtml" xml:lang="en" lang="en">
 <head>
  <title>
</title>
<meta http-equiv="Content-Type" content="text/html;charset=utf-8" />
  <meta name='ocr-system' content='tesseract 3.04.00' />
  <meta name='ocr-capabilities' content='ocr_page ocr_carea ocr_par ocr_line ocrx_word'/>
</head>
<body>
  <div class='ocr_page' id='page_1' title='image "./palladiirutilii00pallgoog_0121.png"; bbox 0 0 2378 3832; ppageno 0'>
   <div class='ocr_carea' id='block_1_1' title="bbox 95 179 683 245">
    <p class='ocr_par' dir='ltr' id='par_1_1' title="bbox 95 179 683 245">
     <span class='ocr_line' id='line_1_1' title="bbox 95 179 683 245; baseline 0.002 -10"><span class='ocrx_word' id='word_1_1' title='bbox 95 179 160 245; x_wconf 79' lang='grc'>102</span> <span class='ocrx_word' id='word_1_2' title='bbox 512 179 683 236; x_wconf 77' lang='lat' dir='ltr'><strong>PALLADII</strong></span> 
     </span>
    </p>
   </div>
   <div class='ocr_carea' id='block_1_2' title="bbox 33 326 1150 2261">
    <p class='ocr_par' dir='ltr' id='par_1_2' title="bbox 33 326 1150 2261">
     <span class='ocr_line' id='line_1_2' title="bbox 92 326 1107 413; baseline 0 -21"><span class='ocrx_word' id='word_1_3' title='bbox 92 327 277 412; x_wconf 88' lang='lat' dir='ltr'>primantur</span> <span class='ocrx_word' id='word_1_4' title='bbox 300 331 356 391; x_wconf 90' lang='lat' dir='ltr'>aut</span> <span class='ocrx_word' id='word_1_5' title='bbox 378 326 478 410; x_wconf 93' lang='lat' dir='ltr'>prelo.</span> <span class='ocrx_word' id='word_1_6' title='bbox 514 327 621 392; x_wconf 85' lang='lat' dir='ltr'>hieme</span> <span class='ocrx_word' id='word_1_7' title='bbox 645 328 749 413; x_wconf 89' lang='lat' dir='ltr'>durat,</span> <span class='ocrx_word' id='word_1_8' title='bbox 772 329 828 394; x_wconf 85' lang='lat' dir='ltr'>sed</span> <span class='ocrx_word' id='word_1_9' title='bbox 847 328 957 412; x_wconf 83' lang='lat' dir='ltr'>&#39;prima</span> <span class='ocrx_word' id='word_1_10' title='bbox 981 328 1107 393; x_wconf 77' lang='lat' dir='ltr'>acescit</span> 
     </span>
     <span class='ocr_line' id='line_1_3' title="bbox 92 416 1106 502; baseline 0.001 -21"><span class='ocrx_word' id='word_1_11' title='bbox 92 420 226 482; x_wconf 88' lang='lat' dir='ltr'>aestate.</span> <span class='ocrx_word' id='word_1_12' title='bbox 273 419 400 480; x_wconf 90' lang='lat' dir='ltr'>acetum</span> <span class='ocrx_word' id='word_1_13' title='bbox 428 416 475 480; x_wconf 89' lang='lat' dir='ltr'>sic</span> <span class='ocrx_word' id='word_1_14' title='bbox 502 416 541 480; x_wconf 88' lang='lat' dir='ltr'>fit</span> <span class='ocrx_word' id='word_1_15' title='bbox 567 417 606 482; x_wconf 92' lang='lat' dir='ltr'>de</span> <span class='ocrx_word' id='word_1_16' title='bbox 628 417 718 502; x_wconf 89' lang='lat' dir='ltr'>piris.</span> <span class='ocrx_word' id='word_1_17' title='bbox 764 417 836 502; x_wconf 90' lang='lat' dir='ltr'>pira</span> <span class='ocrx_word' id='word_1_18' title='bbox 858 416 1027 482; x_wconf 79' lang='lat' dir='ltr'>siluestris</span> <span class='ocrx_word' id='word_1_19' title='bbox 1052 417 1106 482; x_wconf 89' lang='lat' dir='ltr'>uel</span> 
     </span>
     <span class='ocr_line' id='line_1_4' title="bbox 92 504 1107 590; baseline 0 -20"><span class='ocrx_word' id='word_1_20' title='bbox 92 505 199 590; x_wconf 89' lang='lat' dir='ltr'>asperi</span> <span class='ocrx_word' id='word_1_21' title='bbox 223 504 350 590; x_wconf 88' lang='lat' dir='ltr'>generis</span> <span class='ocrx_word' id='word_1_22' title='bbox 374 509 503 569; x_wconf 90' lang='lat' dir='ltr'>matura</span> <span class='ocrx_word' id='word_1_23' title='bbox 525 505 561 568; x_wconf 95' lang='lat' dir='ltr'>in</span> <span class='ocrx_word' id='word_1_24' title='bbox 583 506 712 571; x_wconf 86' lang='lat' dir='ltr'>cumulo</span> <span class='ocrx_word' id='word_1_25' title='bbox 737 511 945 572; x_wconf 86' lang='lat' dir='ltr'>reseruantur</span> <span class='ocrx_word' id='word_1_26' title='bbox 968 529 1027 590; x_wconf 91' lang='lat' dir='ltr'>per</span> <span class='ocrx_word' id='word_1_27' title='bbox 1047 506 1107 570; x_wconf 91' lang='lat' dir='ltr'>tri·</span> 
     </span>
     <span class='ocr_line' id='line_1_5' title="bbox 91 594 1105 680; baseline 0.001 -21"><span class='ocrx_word' id='word_1_28' title='bbox 91 595 200 659; x_wconf 88' lang='lat' dir='ltr'>duum.</span> <span class='ocrx_word' id='word_1_29' title='bbox 247 594 359 658; x_wconf 85' lang='lat' dir='ltr'>deinde</span> <span class='ocrx_word' id='word_1_30' title='bbox 383 594 561 658; x_wconf 86' lang='lat' dir='ltr'>mittuntur</span> <span class='ocrx_word' id='word_1_31' title='bbox 583 595 618 658; x_wconf 94' lang='lat' dir='ltr'>in</span> <span class='ocrx_word' id='word_1_32' title='bbox 640 595 784 680; x_wconf 87' lang='lat' dir='ltr'>uasculo,</span> <span class='ocrx_word' id='word_1_33' title='bbox 810 596 862 661; x_wconf 91' lang='lat' dir='ltr'>cui</span> <span class='ocrx_word' id='word_1_34' title='bbox 884 595 1020 660; x_wconf 87' lang='lat' dir='ltr'>fontana</span> <span class='ocrx_word' id='word_1_35' title='bbox 1045 598 1105 660; x_wconf 90' lang='lat' dir='ltr'>aut</span> 
     </span>
     <span class='ocr_line' id='line_1_6' title="bbox 90 682 1147 768; baseline 0.004 -22"><span class='ocrx_word' id='word_1_36' title='bbox 90 682 245 767; x_wconf 83' lang='lat' dir='ltr'>pluuialis</span> <span class='ocrx_word' id='word_1_37' title='bbox 268 705 354 766; x_wconf 88' lang='lat' dir='ltr'>aqua</span> <span class='ocrx_word' id='word_1_38' title='bbox 376 683 544 765; x_wconf 88' lang='lat' dir='ltr'>miscetur,</span> <span class='ocrx_word' id='word_1_39' title='bbox 570 687 603 747; x_wconf 92' lang='lat' dir='ltr'>et</span> <span class='ocrx_word' id='word_1_40' title='bbox 626 687 776 768; x_wconf 88' lang='lat' dir='ltr'>opertum</span> <span class='ocrx_word' id='word_1_41' title='bbox 797 706 857 748; x_wconf 88' lang='lat' dir='ltr'>nas</span> <span class='ocrx_word' id='word_1_42' title='bbox 880 706 938 768; x_wconf 92' lang='lat' dir='ltr'>per</span> <span class='ocrx_word' id='word_1_43' title='bbox 960 682 1105 768; x_wconf 83' lang='lat' dir='ltr'>triginta</span> <span class='ocrx_word' id='word_1_44' title='bbox 1134 710 1147 750; x_wconf 78' lang='lat' dir='ltr'>a</span> 
     </span>
     <span class='ocr_line' id='line_1_7' title="bbox 91 771 1105 857; baseline 0.002 -21"><span class='ocrx_word' id='word_1_45' title='bbox 91 773 158 836; x_wconf 91' lang='lat' dir='ltr'>dies</span> <span class='ocrx_word' id='word_1_46' title='bbox 182 771 376 855; x_wconf 77' lang='lat' dir='ltr'>relinquitur</span> <span class='ocrx_word' id='word_1_47' title='bbox 398 793 435 835; x_wconf 89' lang='lat' dir='ltr'>ac</span> <span class='ocrx_word' id='word_1_48' title='bbox 458 772 606 857; x_wconf 85' lang='lat' dir='ltr'>subinde,</span> <span class='ocrx_word' id='word_1_49' title='bbox 631 777 788 857; x_wconf 89' lang='lat' dir='ltr'>quantum</span> <span class='ocrx_word' id='word_1_50' title='bbox 811 774 977 838; x_wconf 88' lang='lat' dir='ltr'>sublatum</span> <span class='ocrx_word' id='word_1_51' title='bbox 1000 771 1105 838; x_wconf 83' lang='lat' dir='ltr'>fuerit</span> 
     </span>
     <span class='ocr_line' id='line_1_8' title="bbox 91 860 1106 946; baseline 0 -20"><span class='ocrx_word' id='word_1_52' title='bbox 91 861 174 926; x_wconf 88' lang='lat' dir='ltr'>aceti</span> <span class='ocrx_word' id='word_1_53' title='bbox 193 861 233 925; x_wconf 91' lang='lat' dir='ltr'>ad</span> <span class='ocrx_word' id='word_1_54' title='bbox 251 883 355 943; x_wconf 81' lang='lat' dir='ltr'>usum,</span> <span class='ocrx_word' id='word_1_55' title='bbox 374 864 503 925; x_wconf 87' lang='lat' dir='ltr'>tantum</span> <span class='ocrx_word' id='word_1_56' title='bbox 520 860 666 925; x_wconf 79' lang='lat' dir='ltr'>redditur</span> <span class='ocrx_word' id='word_1_57' title='bbox 680 884 782 946; x_wconf 86' lang='lat' dir='ltr'>aquae</span> <span class='ocrx_word' id='word_1_58' title='bbox 797 862 838 926; x_wconf 90' lang='lat' dir='ltr'>ad</span> <span class='ocrx_word' id='word_1_59' title='bbox 852 861 1106 946; x_wconf 76' lang='lat' dir='ltr'>reparationem,</span> 
     </span>
     <span class='ocr_line' id='line_1_9' title="bbox 33 947 1105 1035; baseline 0.003 -24"><span class='ocrx_word' id='word_1_60' title='bbox 33 947 81 1012; x_wconf 66' lang='lat'>,12</span> <span class='ocrx_word' id='word_1_61' title='bbox 156 948 391 1026; x_wconf 79' lang='lat' dir='ltr'><strong>LIQVAMEN</strong></span> <span class='ocrx_word' id='word_1_62' title='bbox 410 948 470 1013; x_wconf 83' lang='lat' dir='ltr'>EX</span> <span class='ocrx_word' id='word_1_63' title='bbox 489 948 613 1014; x_wconf 83' lang='lat' dir='ltr'>PIRIS.</span> <span class='ocrx_word' id='word_1_64' title='bbox 649 949 827 1034; x_wconf 85' lang='lat' dir='ltr'>Liquamen</span> <span class='ocrx_word' id='word_1_65' title='bbox 847 952 886 1016; x_wconf 89' lang='lat' dir='ltr'>de</span> <span class='ocrx_word' id='word_1_66' title='bbox 903 949 984 1035; x_wconf 91' lang='lat' dir='ltr'>piris</span> <span class='ocrx_word' id='word_1_67' title='bbox 1003 949 1105 1016; x_wconf 89' lang='lat' dir='ltr'>casti·</span> 
     </span>
     <span class='ocr_line' id='line_1_10' title="bbox 91 1038 1106 1122; baseline 0 -19"><span class='ocrx_word' id='word_1_68' title='bbox 91 1039 231 1104; x_wconf 90' lang='lat' dir='ltr'>moniale</span> <span class='ocrx_word' id='word_1_69' title='bbox 255 1041 301 1104; x_wconf 89' lang='lat' dir='ltr'>sic</span> <span class='ocrx_word' id='word_1_70' title='bbox 320 1039 385 1102; x_wconf 91' lang='lat' dir='ltr'>fiet.</span> <span class='ocrx_word' id='word_1_71' title='bbox 420 1039 494 1122; x_wconf 93' lang='lat' dir='ltr'>pira</span> <span class='ocrx_word' id='word_1_72' title='bbox 512 1038 734 1103; x_wconf 79' lang='lat' dir='ltr'>maturissime</span> <span class='ocrx_word' id='word_1_73' title='bbox 752 1061 826 1105; x_wconf 90' lang='lat' dir='ltr'>cum</span> <span class='ocrx_word' id='word_1_74' title='bbox 844 1040 912 1104; x_wconf 91' lang='lat' dir='ltr'>sale</span> <span class='ocrx_word' id='word_1_75' title='bbox 931 1039 1106 1104; x_wconf 88' lang='lat' dir='ltr'>calcantur</span> 
     </span>
     <span class='ocr_line' id='line_1_11' title="bbox 89 1126 1150 1214; baseline 0.002 -22"><span class='ocrx_word' id='word_1_76' title='bbox 89 1127 229 1214; x_wconf 89' lang='lat' dir='ltr'>integra.</span> <span class='ocrx_word' id='word_1_77' title='bbox 272 1127 330 1193; x_wconf 91' lang='lat' dir='ltr'>ubi</span> <span class='ocrx_word' id='word_1_78' title='bbox 358 1149 469 1192; x_wconf 86' lang='lat' dir='ltr'>carnes</span> <span class='ocrx_word' id='word_1_79' title='bbox 498 1149 610 1191; x_wconf 89' lang='lat' dir='ltr'>eorum</span> <span class='ocrx_word' id='word_1_80' title='bbox 637 1127 759 1192; x_wconf 85' lang='lat' dir='ltr'>fuerint</span> <span class='ocrx_word' id='word_1_81' title='bbox 783 1128 959 1210; x_wconf 87' lang='lat' dir='ltr'>resolutae,</span> <span class='ocrx_word' id='word_1_82' title='bbox 986 1127 1043 1192; x_wconf 90' lang='lat' dir='ltr'>uel</span> <span class='ocrx_word' id='word_1_83' title='bbox 1068 1126 1105 1192; x_wconf 92' lang='lat' dir='ltr'>in</span> <span class='ocrx_word' id='word_1_84' title='bbox 1121 1155 1150 1194; x_wconf 84' lang='grc' dir='ltr'>ιο</span> 
     </span>
     <span class='ocr_line' id='line_1_12' title="bbox 90 1215 1104 1302; baseline 0 -20"><span class='ocrx_word' id='word_1_85' title='bbox 90 1216 226 1302; x_wconf 90' lang='lat' dir='ltr'>cupellis</span> <span class='ocrx_word' id='word_1_86' title='bbox 253 1217 306 1282; x_wconf 91' lang='lat' dir='ltr'>uel</span> <span class='ocrx_word' id='word_1_87' title='bbox 333 1216 368 1280; x_wconf 94' lang='lat' dir='ltr'>in</span> <span class='ocrx_word' id='word_1_88' title='bbox 396 1215 536 1280; x_wconf 88' lang='lat' dir='ltr'>uasculis</span> <span class='ocrx_word' id='word_1_89' title='bbox 565 1217 722 1281; x_wconf 88' lang='lat' dir='ltr'>fictilibus</span> <span class='ocrx_word' id='word_1_90' title='bbox 748 1216 867 1301; x_wconf 86' lang='lat' dir='ltr'>picatis</span> <span class='ocrx_word' id='word_1_91' title='bbox 894 1216 1104 1282; x_wconf 88' lang='lat' dir='ltr'>condiuntur.</span> 
     </span>
     <span class='ocr_line' id='line_1_13' title="bbox 90 1305 1105 1390; baseline -0.001 -18"><span class='ocrx_word' id='word_1_92' title='bbox 90 1311 166 1390; x_wconf 86' lang='lat' dir='ltr'>post</span> <span class='ocrx_word' id='word_1_93' title='bbox 194 1327 338 1371; x_wconf 91' lang='lat' dir='ltr'>mensem</span> <span class='ocrx_word' id='word_1_94' title='bbox 360 1305 494 1369; x_wconf 87' lang='lat' dir='ltr'>tertium</span> <span class='ocrx_word' id='word_1_95' title='bbox 519 1327 694 1389; x_wconf 85' lang='lat' dir='ltr'>suspensae</span> <span class='ocrx_word' id='word_1_96' title='bbox 716 1305 777 1370; x_wconf 93' lang='lat' dir='ltr'>hae</span> <span class='ocrx_word' id='word_1_97' title='bbox 801 1327 915 1371; x_wconf 88' lang='lat' dir='ltr'>carnes</span> <span class='ocrx_word' id='word_1_98' title='bbox 936 1305 1105 1390; x_wconf 88' lang='lat' dir='ltr'>liquorem</span> 
     </span>
     <span class='ocr_line' id='line_1_14' title="bbox 90 1393 1105 1478; baseline -0.001 -18"><span class='ocrx_word' id='word_1_99' title='bbox 90 1395 262 1460; x_wconf 87' lang='lat' dir='ltr'>dimittunt</span> <span class='ocrx_word' id='word_1_100' title='bbox 285 1393 410 1478; x_wconf 91' lang='lat' dir='ltr'>saporis</span> <span class='ocrx_word' id='word_1_101' title='bbox 433 1394 566 1458; x_wconf 90' lang='lat' dir='ltr'>iucundi</span> <span class='ocrx_word' id='word_1_102' title='bbox 589 1395 645 1458; x_wconf 89' lang='lat' dir='ltr'>sed</span> <span class='ocrx_word' id='word_1_103' title='bbox 664 1395 782 1459; x_wconf 91' lang='lat' dir='ltr'>coloris</span> <span class='ocrx_word' id='word_1_104' title='bbox 801 1394 946 1459; x_wconf 87' lang='lat' dir='ltr'>albiduli.</span> <span class='ocrx_word' id='word_1_105' title='bbox 984 1397 1105 1459; x_wconf 88' lang='lat' dir='ltr'>eontra</span> 
     </span>
     <span class='ocr_line' id='line_1_15' title="bbox 88 1482 1105 1569; baseline 0.001 -21"><span class='ocrx_word' id='word_1_106' title='bbox 88 1484 151 1549; x_wconf 91' lang='lat' dir='ltr'>hoc</span> <span class='ocrx_word' id='word_1_107' title='bbox 165 1484 245 1548; x_wconf 88' lang='lat' dir='ltr'>illud</span> <span class='ocrx_word' id='word_1_108' title='bbox 260 1483 414 1567; x_wconf 87' lang='lat' dir='ltr'>proderit,</span> <span class='ocrx_word' id='word_1_109' title='bbox 431 1487 469 1547; x_wconf 92' lang='lat' dir='ltr'>ut</span> <span class='ocrx_word' id='word_1_110' title='bbox 482 1487 637 1569; x_wconf 84' lang='lat' dir='ltr'>tempore,</span> <span class='ocrx_word' id='word_1_111' title='bbox 651 1504 716 1567; x_wconf 90' lang='lat' dir='ltr'>quo</span> <span class='ocrx_word' id='word_1_112' title='bbox 730 1482 899 1568; x_wconf 80' lang='lat' dir='ltr'>saliantur,</span> <span class='ocrx_word' id='word_1_113' title='bbox 913 1505 974 1568; x_wconf 86' lang='lat' dir='ltr'>pro</span> <span class='ocrx_word' id='word_1_114' title='bbox 989 1482 1105 1567; x_wconf 87' lang='lat' dir='ltr'>aliqua</span> 
     </span>
     <span class='ocr_line' id='line_1_16' title="bbox 89 1571 1150 1657; baseline 0.004 -21"><span class='ocrx_word' id='word_1_115' title='bbox 89 1577 182 1657; x_wconf 87' lang='lat' dir='ltr'>parte</span> <span class='ocrx_word' id='word_1_116' title='bbox 206 1571 283 1636; x_wconf 87' lang='lat' dir='ltr'>uina</span> <span class='ocrx_word' id='word_1_117' title='bbox 305 1571 427 1656; x_wconf 87' lang='lat' dir='ltr'>nigella</span> <span class='ocrx_word' id='word_1_118' title='bbox 450 1573 655 1654; x_wconf 74' lang='lat' dir='ltr'>permisceas.</span> <span class='ocrx_word' id='word_1_119' title='bbox 1122 1600 1150 1640; x_wconf 73' lang='lat'>1⁵</span> 
     </span>
     <span class='ocr_line' id='line_1_17' title="bbox 38 1659 1103 1726; baseline 0.002 -2"><span class='ocrx_word' id='word_1_120' title='bbox 38 1659 79 1725; x_wconf 89' lang='lat'>13</span> <span class='ocrx_word' id='word_1_121' title='bbox 156 1661 216 1724; x_wconf 81' lang='lat' dir='ltr'>DE</span> <span class='ocrx_word' id='word_1_122' title='bbox 235 1659 365 1724; x_wconf 78' lang='lat' dir='ltr'>MELO.</span> <span class='ocrx_word' id='word_1_123' title='bbox 402 1659 513 1725; x_wconf 88' lang='lat' dir='ltr'>Menae</span> <span class='ocrx_word' id='word_1_124' title='bbox 535 1660 701 1726; x_wconf 85' lang='lat' dir='ltr'>februario</span> <span class='ocrx_word' id='word_1_125' title='bbox 721 1666 754 1726; x_wconf 94' lang='lat' dir='ltr'>et</span> <span class='ocrx_word' id='word_1_126' title='bbox 773 1661 892 1726; x_wconf 89' lang='lat' dir='ltr'>martio</span> <span class='ocrx_word' id='word_1_127' title='bbox 910 1659 997 1725; x_wconf 88' lang='lat' dir='ltr'>mela</span> <span class='ocrx_word' id='word_1_128' title='bbox 1014 1683 1103 1726; x_wconf 86' lang='lat' dir='ltr'>sera-</span> 
     </span>
     <span class='ocr_line' id='line_1_18' title="bbox 89 1749 1104 1835; baseline 0.001 -20"><span class='ocrx_word' id='word_1_129' title='bbox 89 1771 170 1835; x_wconf 79' lang='lat' dir='ltr'>mus,</span> <span class='ocrx_word' id='word_1_130' title='bbox 194 1750 222 1813; x_wconf 92' lang='lat' dir='ltr'>si</span> <span class='ocrx_word' id='word_1_131' title='bbox 246 1749 349 1814; x_wconf 88' lang='lat' dir='ltr'>calida</span> <span class='ocrx_word' id='word_1_132' title='bbox 373 1753 406 1813; x_wconf 92' lang='lat' dir='ltr'>et</span> <span class='ocrx_word' id='word_1_133' title='bbox 425 1750 510 1814; x_wconf 90' lang='lat' dir='ltr'>sicca</span> <span class='ocrx_word' id='word_1_134' title='bbox 527 1750 617 1834; x_wconf 88' lang='lat' dir='ltr'>regio</span> <span class='ocrx_word' id='word_1_135' title='bbox 637 1754 695 1834; x_wconf 80' lang='lat' dir='ltr'>est,</span> <span class='ocrx_word' id='word_1_136' title='bbox 719 1750 846 1816; x_wconf 88' lang='lat' dir='ltr'>octobri</span> <span class='ocrx_word' id='word_1_137' title='bbox 865 1754 898 1815; x_wconf 89' lang='lat' dir='ltr'>ct</span> <span class='ocrx_word' id='word_1_138' title='bbox 916 1751 1104 1816; x_wconf 87' lang='lat' dir='ltr'>nouembri.</span> 
     </span>
     <span class='ocr_line' id='line_1_19' title="bbox 88 1838 1103 1923; baseline 0.001 -19"><span class='ocrx_word' id='word_1_139' title='bbox 88 1861 200 1904; x_wconf 88' lang='lat' dir='ltr'>eorum</span> <span class='ocrx_word' id='word_1_140' title='bbox 223 1838 318 1923; x_wconf 91' lang='lat' dir='ltr'>plura</span> <span class='ocrx_word' id='word_1_141' title='bbox 340 1842 416 1902; x_wconf 89' lang='lat' dir='ltr'>sunt</span> <span class='ocrx_word' id='word_1_142' title='bbox 439 1859 570 1923; x_wconf 88' lang='lat' dir='ltr'>genera,</span> <span class='ocrx_word' id='word_1_143' title='bbox 599 1861 680 1923; x_wconf 91' lang='lat' dir='ltr'>qnae</span> <span class='ocrx_word' id='word_1_144' title='bbox 703 1861 875 1904; x_wconf 88' lang='lat' dir='ltr'>numerare</span> <span class='ocrx_word' id='word_1_145' title='bbox 899 1838 1103 1923; x_wconf 82' lang='lat' dir='ltr'>superfluum</span> 
     </span>
     <span class='ocr_line' id='line_1_20' title="bbox 88 1927 1103 2013; baseline 0.001 -20"><span class='ocrx_word' id='word_1_146' title='bbox 88 1933 147 1994; x_wconf 92' lang='lat' dir='ltr'>est.</span> <span class='ocrx_word' id='word_1_147' title='bbox 192 1932 303 1992; x_wconf 91' lang='lat' dir='ltr'>amant</span> <span class='ocrx_word' id='word_1_148' title='bbox 329 1927 450 2013; x_wconf 84' lang='lat' dir='ltr'>pingue</span> <span class='ocrx_word' id='word_1_149' title='bbox 479 1949 516 1992; x_wconf 90' lang='lat' dir='ltr'>ac</span> <span class='ocrx_word' id='word_1_150' title='bbox 538 1928 661 1993; x_wconf 88' lang='lat' dir='ltr'>laetum</span> <span class='ocrx_word' id='word_1_151' title='bbox 685 1927 791 1993; x_wconf 89' lang='lat' dir='ltr'>solum</span> <span class='ocrx_word' id='word_1_152' title='bbox 814 1932 848 1992; x_wconf 92' lang='lat' dir='ltr'>et</span> <span class='ocrx_word' id='word_1_153' title='bbox 875 1929 927 1992; x_wconf 89' lang='lat' dir='ltr'>cui</span> <span class='ocrx_word' id='word_1_154' title='bbox 949 1949 1103 1994; x_wconf 89' lang='lat' dir='ltr'>umorem</span> 
     </span>
     <span class='ocr_line' id='line_1_21' title="bbox 87 2014 1145 2102; baseline 0 -19"><span class='ocrx_word' id='word_1_155' title='bbox 87 2040 154 2083; x_wconf 92' lang='lat' dir='ltr'>non</span> <span class='ocrx_word' id='word_1_156' title='bbox 186 2022 254 2082; x_wconf 88' lang='lat' dir='ltr'>tam</span> <span class='ocrx_word' id='word_1_157' title='bbox 286 2015 406 2101; x_wconf 85' lang='lat' dir='ltr'>rigatio</span> <span class='ocrx_word' id='word_1_158' title='bbox 440 2038 538 2100; x_wconf 90' lang='lat' dir='ltr'>quam</span> <span class='ocrx_word' id='word_1_159' title='bbox 569 2022 687 2081; x_wconf 90' lang='lat' dir='ltr'>natura</span> <span class='ocrx_word' id='word_1_160' title='bbox 724 2017 878 2102; x_wconf 90' lang='lat' dir='ltr'>subpetit.</span> <span class='ocrx_word' id='word_1_161' title='bbox 933 2019 967 2080; x_wconf 90' lang='lat' dir='ltr'>et</span> <span class='ocrx_word' id='word_1_162' title='bbox 1000 2014 1030 2080; x_wconf 89' lang='lat' dir='ltr'>si</span> <span class='ocrx_word' id='word_1_163' title='bbox 1064 2017 1101 2082; x_wconf 91' lang='lat' dir='ltr'>in</span> <span class='ocrx_word' id='word_1_164' title='bbox 1117 2045 1145 2084; x_wconf 83' lang='lat' dir='ltr'>ao</span> 
     </span>
     <span class='ocr_line' id='line_1_22' title="bbox 87 2105 1101 2190; baseline -0.001 -19"><span class='ocrx_word' id='word_1_165' title='bbox 87 2107 209 2171; x_wconf 86' lang='lat' dir='ltr'>harena</span> <span class='ocrx_word' id='word_1_166' title='bbox 236 2105 288 2170; x_wconf 90' lang='lat' dir='ltr'>uel</span> <span class='ocrx_word' id='word_1_167' title='bbox 315 2106 432 2190; x_wconf 88' lang='lat' dir='ltr'>argilla</span> <span class='ocrx_word' id='word_1_168' title='bbox 455 2106 512 2190; x_wconf 85' lang='lat' dir='ltr'>sit,</span> <span class='ocrx_word' id='word_1_169' title='bbox 539 2105 759 2190; x_wconf 82' lang='lat' dir='ltr'>rigationibus</span> <span class='ocrx_word' id='word_1_170' title='bbox 783 2105 964 2170; x_wconf 89' lang='lat' dir='ltr'>adiuuetnr.</span> <span class='ocrx_word' id='word_1_171' title='bbox 1005 2127 1101 2170; x_wconf 92' lang='lat' dir='ltr'>mon-</span> 
     </span>
     <span class='ocr_line' id='line_1_23' title="bbox 87 2193 1101 2261; baseline 0 -2"><span class='ocrx_word' id='word_1_172' title='bbox 87 2196 173 2260; x_wconf 84' lang='lat' dir='ltr'>tanis</span> <span class='ocrx_word' id='word_1_173' title='bbox 205 2195 286 2261; x_wconf 89' lang='lat' dir='ltr'>locis</span> <span class='ocrx_word' id='word_1_174' title='bbox 315 2194 433 2259; x_wconf 89' lang='lat' dir='ltr'>debent</span> <span class='ocrx_word' id='word_1_175' title='bbox 461 2195 500 2258; x_wconf 87' lang='lat' dir='ltr'>ad</span> <span class='ocrx_word' id='word_1_176' title='bbox 528 2193 695 2259; x_wconf 87' lang='lat' dir='ltr'>meridiem</span> <span class='ocrx_word' id='word_1_177' title='bbox 723 2217 818 2259; x_wconf 90' lang='lat' dir='ltr'>uersa</span> <span class='ocrx_word' id='word_1_178' title='bbox 850 2193 1016 2260; x_wconf 88' lang='lat' dir='ltr'>constitui.</span> <span class='ocrx_word' id='word_1_179' title='bbox 1067 2200 1101 2260; x_wconf 91' lang='lat' dir='ltr'>et</span> 
     </span>
    </p>
   </div>
   <div class='ocr_carea' id='block_1_3' title="bbox 87 2282 1141 2544">
    <p class='ocr_par' dir='ltr' id='par_1_3' title="bbox 87 2282 1141 2544">
     <span class='ocr_line' id='line_1_24' title="bbox 87 2282 1101 2369; baseline 0.001 -22"><span class='ocrx_word' id='word_1_180' title='bbox 87 2284 206 2369; x_wconf 85' lang='lat' dir='ltr'>frigido</span> <span class='ocrx_word' id='word_1_181' title='bbox 230 2285 300 2349; x_wconf 90' lang='lat' dir='ltr'>solo</span> <span class='ocrx_word' id='word_1_182' title='bbox 324 2283 533 2367; x_wconf 89' lang='lat' dir='ltr'>proueniunt,</span> <span class='ocrx_word' id='word_1_183' title='bbox 562 2282 589 2349; x_wconf 90' lang='lat' dir='ltr'>si</span> <span class='ocrx_word' id='word_1_184' title='bbox 612 2283 693 2349; x_wconf 89' lang='lat' dir='ltr'>caeli</span> <span class='ocrx_word' id='word_1_185' title='bbox 716 2287 810 2367; x_wconf 90' lang='lat' dir='ltr'>tepor</span> <span class='ocrx_word' id='word_1_186' title='bbox 833 2283 1008 2365; x_wconf 83' lang='lat' dir='ltr'>adiuuerit,</span> <span class='ocrx_word' id='word_1_187' title='bbox 1039 2305 1101 2348; x_wconf 90' lang='lat' dir='ltr'>nec</span> 
     </span>
     <span class='ocr_line' id='line_1_25' title="bbox 87 2373 1100 2457; baseline 0 -21"><span class='ocrx_word' id='word_1_188' title='bbox 87 2373 122 2436; x_wconf 93' lang='lat' dir='ltr'>in</span> <span class='ocrx_word' id='word_1_189' title='bbox 154 2374 276 2457; x_wconf 88' lang='lat' dir='ltr'>asperis</span> <span class='ocrx_word' id='word_1_190' title='bbox 309 2376 341 2435; x_wconf 92' lang='lat' dir='ltr'>et</span> <span class='ocrx_word' id='word_1_191' title='bbox 373 2373 509 2436; x_wconf 90' lang='lat' dir='ltr'>umectis</span> <span class='ocrx_word' id='word_1_192' title='bbox 542 2373 651 2437; x_wconf 90' lang='lat' dir='ltr'>sedem</span> <span class='ocrx_word' id='word_1_193' title='bbox 683 2375 841 2438; x_wconf 87' lang='lat' dir='ltr'>recusant</span> <span class='ocrx_word' id='word_1_194' title='bbox 888 2393 1036 2437; x_wconf 90' lang='lat' dir='ltr'>macrum</span> <span class='ocrx_word' id='word_1_195' title='bbox 1065 2377 1100 2436; x_wconf 89' lang='lat' dir='ltr'>et</span> 
     </span>
     <span class='ocr_line' id='line_1_26' title="bbox 88 2460 1141 2544; baseline 0.003 -19"><span class='ocrx_word' id='word_1_196' title='bbox 88 2460 214 2525; x_wconf 89' lang='lat' dir='ltr'>aridum</span> <span class='ocrx_word' id='word_1_197' title='bbox 247 2460 351 2525; x_wconf 91' lang='lat' dir='ltr'>solum</span> <span class='ocrx_word' id='word_1_198' title='bbox 383 2483 481 2544; x_wconf 87' lang='lat' dir='ltr'>poma</span> <span class='ocrx_word' id='word_1_199' title='bbox 514 2460 729 2526; x_wconf 88' lang='lat' dir='ltr'>uermiculosa</span> <span class='ocrx_word' id='word_1_200' title='bbox 762 2461 863 2526; x_wconf 86' lang='lat' dir='ltr'>efficit</span> <span class='ocrx_word' id='word_1_201' title='bbox 900 2464 934 2525; x_wconf 90' lang='lat' dir='ltr'>et</span> <span class='ocrx_word' id='word_1_202' title='bbox 966 2461 1099 2526; x_wconf 80' lang='lat' dir='ltr'>caduca</span> <span class='ocrx_word' id='word_1_203' title='bbox 1115 2487 1141 2528; x_wconf 79' lang='lat' dir='ltr'>as</span> 
     </span>
    </p>
   </div>
   <div class='ocr_carea' id='block_1_4' title="bbox 70 2686 1100 3613">
    <p class='ocr_par' dir='ltr' id='par_1_4' title="bbox 70 2686 1100 3613">
     <span class='ocr_line' id='line_1_27' title="bbox 160 2686 1098 2759; baseline 0 -18"><span class='ocrx_word' id='word_1_204' title='bbox 160 2686 304 2758; x_wconf 86' lang='lat' dir='ltr'>lagescit</span> <span class='ocrx_word' id='word_1_205' title='bbox 320 2688 390 2754; x_wconf 87' lang='lat' dir='ltr'>PL,</span> <span class='ocrx_word' id='word_1_206' title='bbox 418 2686 538 2757; x_wconf 87' lang='lat' dir='ltr'>algescit</span> <span class='ocrx_word' id='word_1_207' title='bbox 556 2689 588 2755; x_wconf 83' lang='lat' dir='ltr'>V,</span> <span class='ocrx_word' id='word_1_208' title='bbox 617 2688 735 2742; x_wconf 87' lang='lat' dir='ltr'>accessit</span> <span class='ocrx_word' id='word_1_209' title='bbox 752 2688 783 2742; x_wconf 83' lang='lat' dir='ltr'><em>F</em></span> <span class='ocrx_word' id='word_1_210' title='bbox 806 2690 816 2759; x_wconf 83' lang='grc' dir='ltr'>ΙΙ</span> <span class='ocrx_word' id='word_1_211' title='bbox 844 2687 1029 2742; x_wconf 82' lang='lat' dir='ltr'><strong>2ACETVM</strong></span> <span class='ocrx_word' id='word_1_212' title='bbox 1048 2687 1098 2742; x_wconf 87' lang='lat' dir='ltr'>DE</span> 
     </span>
     <span class='ocr_line' id='line_1_28' title="bbox 86 2758 1100 2829; baseline 0.001 -15"><span class='ocrx_word' id='word_1_213' title='bbox 86 2759 180 2814; x_wconf 69' lang='lat' dir='ltr'>Prius</span> <span class='ocrx_word' id='word_1_214' title='bbox 198 2761 250 2814; x_wconf 78' lang='lat' dir='ltr'>ias.</span> <span class='ocrx_word' id='word_1_215' title='bbox 264 2759 295 2812; x_wconf 84' lang='lat' dir='ltr'><strong><em>E</em></strong></span> <span class='ocrx_word' id='word_1_216' title='bbox 314 2760 318 2828; x_wconf 85' lang='grc' dir='ltr'>Ι</span> <span class='ocrx_word' id='word_1_217' title='bbox 342 2758 461 2812; x_wconf 86' lang='lat' dir='ltr'>Acetum</span> <span class='ocrx_word' id='word_1_218' title='bbox 481 2759 515 2813; x_wconf 87' lang='lat' dir='ltr'>de</span> <span class='ocrx_word' id='word_1_219' title='bbox 533 2758 602 2828; x_wconf 89' lang='lat' dir='ltr'>piris</span> <span class='ocrx_word' id='word_1_220' title='bbox 622 2758 662 2812; x_wconf 93' lang='lat' dir='ltr'>sic</span> <span class='ocrx_word' id='word_1_221' title='bbox 680 2760 712 2812; x_wconf 93' lang='lat' dir='ltr'>fit</span> <span class='ocrx_word' id='word_1_222' title='bbox 730 2760 760 2812; x_wconf 88' lang='lat' dir='ltr'><strong><em>E</em></strong></span> <span class='ocrx_word' id='word_1_223' title='bbox 783 2760 787 2829; x_wconf 73' lang='lat' dir='ltr'>l</span> <span class='ocrx_word' id='word_1_224' title='bbox 809 2758 1100 2828; x_wconf 87' lang='lat' dir='ltr'>pira—reseruantur</span> 
     </span>
     <span class='ocr_line' id='line_1_29' title="bbox 86 2829 1099 2901; baseline 0 -15"><span class='ocrx_word' id='word_1_225' title='bbox 86 2847 137 2886; x_wconf 84' lang='lat' dir='ltr'>om.</span> <span class='ocrx_word' id='word_1_226' title='bbox 152 2832 203 2901; x_wconf 64' lang='grc' dir='ltr'>Εη</span> <span class='ocrx_word' id='word_1_227' title='bbox 217 2839 234 2884; x_wconf 84' lang='grc'>4</span> <span class='ocrx_word' id='word_1_228' title='bbox 252 2829 402 2883; x_wconf 87' lang='lat' dir='ltr'>mittantur</span> <span class='ocrx_word' id='word_1_229' title='bbox 415 2831 446 2883; x_wconf 84' lang='lat' dir='ltr'><em>E</em></span> <span class='ocrx_word' id='word_1_230' title='bbox 457 2832 466 2899; x_wconf 76' lang='grc' dir='ltr'>ΙΙ</span> <span class='ocrx_word' id='word_1_231' title='bbox 480 2835 496 2883; x_wconf 77' lang='lat'><strong>5</strong></span> <span class='ocrx_word' id='word_1_232' title='bbox 515 2829 666 2884; x_wconf 88' lang='lat' dir='ltr'>misceatur</span> <span class='ocrx_word' id='word_1_233' title='bbox 679 2831 709 2883; x_wconf 85' lang='lat' dir='ltr'><em>E</em></span> <span class='ocrx_word' id='word_1_234' title='bbox 721 2833 730 2900; x_wconf 77' lang='grc' dir='ltr'>ΙΙ</span> <span class='ocrx_word' id='word_1_235' title='bbox 744 2836 760 2882; x_wconf 82' lang='grc'><strong>6</strong></span> <span class='ocrx_word' id='word_1_236' title='bbox 778 2829 865 2884; x_wconf 89' lang='lat' dir='ltr'>fuerit</span> <span class='ocrx_word' id='word_1_237' title='bbox 883 2831 919 2884; x_wconf 90' lang='lat' dir='ltr'>ad</span> <span class='ocrx_word' id='word_1_238' title='bbox 938 2849 1019 2884; x_wconf 86' lang='lat' dir='ltr'>usum</span> <span class='ocrx_word' id='word_1_239' title='bbox 1035 2847 1099 2886; x_wconf 86' lang='lat' dir='ltr'>ace·</span> 
     </span>
     <span class='ocr_line' id='line_1_30' title="bbox 86 2900 1097 2974; baseline 0 -17"><span class='ocrx_word' id='word_1_240' title='bbox 86 2904 147 2957; x_wconf 84' lang='lat' dir='ltr'>tum</span> <span class='ocrx_word' id='word_1_241' title='bbox 160 2904 191 2956; x_wconf 96' lang='grc' dir='ltr'><em>Ε</em></span> <span class='ocrx_word' id='word_1_242' title='bbox 203 2905 242 2973; x_wconf 76' lang='grc'>118</span> <span class='ocrx_word' id='word_1_243' title='bbox 261 2900 455 2955; x_wconf 86' lang='lat' dir='ltr'>castimoniale</span> <span class='ocrx_word' id='word_1_244' title='bbox 474 2917 523 2955; x_wconf 89' lang='lat' dir='ltr'>om.</span> <span class='ocrx_word' id='word_1_245' title='bbox 539 2903 583 2970; x_wconf 78' lang='lat' dir='ltr'>Pl</span> <span class='ocrx_word' id='word_1_246' title='bbox 598 2908 632 2956; x_wconf 91' lang='lat'>10</span> <span class='ocrx_word' id='word_1_247' title='bbox 650 2901 761 2971; x_wconf 88' lang='lat' dir='ltr'>integro</span> <span class='ocrx_word' id='word_1_248' title='bbox 779 2918 869 2956; x_wconf 78' lang='lat' dir='ltr'>omnes</span> <span class='ocrx_word' id='word_1_249' title='bbox 882 2908 993 2971; x_wconf 79' lang='lat' dir='ltr'>praeter</span> <span class='ocrx_word' id='word_1_250' title='bbox 1011 2920 1097 2974; x_wconf 73' lang='lat' dir='ltr'>ceps,</span> 
     </span>
     <span class='ocr_line' id='line_1_31' title="bbox 85 2971 1098 3114; baseline -0.001 -15"><span class='ocrx_word' id='word_1_251' title='bbox 85 2990 170 3099; x_wconf 51' lang='lat' dir='ltr'>llis</span> <span class='ocrx_word' id='word_1_252' title='bbox 178 2971 605 3113; x_wconf 53' lang='lat' dir='ltr'>lllttttttttltd</span> <span class='ocrx_word' id='word_1_253' title='bbox 615 2973 830 3114; x_wconf 59' lang='lat' dir='ltr'>lillll&#39;rlnil</span> <span class='ocrx_word' id='word_1_254' title='bbox 845 2973 895 3099; x_wconf 60' lang='lat' dir='ltr'>il</span> <span class='ocrx_word' id='word_1_255' title='bbox 910 2973 1098 3114; x_wconf 64' lang='lat' dir='ltr'>tttltl’</span> 
     </span>
     <span class='ocr_line' id='line_1_32' title="bbox 86 3087 1098 3187; baseline 0.002 -19"><span class='ocrx_word' id='word_1_256' title='bbox 86 3116 147 3170; x_wconf 91' lang='lat' dir='ltr'>duli</span> <span class='ocrx_word' id='word_1_257' title='bbox 160 3089 209 3187; x_wconf 76' lang='lat' dir='ltr'>El</span> <span class='ocrx_word' id='word_1_258' title='bbox 226 3116 300 3170; x_wconf 88' lang='lat' dir='ltr'>circa</span> <span class='ocrx_word' id='word_1_259' title='bbox 318 3087 348 3169; x_wconf 62' lang='lat' dir='ltr'>i&#39;c</span> <span class='ocrx_word' id='word_1_260' title='bbox 361 3117 370 3183; x_wconf 72' lang='lat' dir='ltr'>ll</span> <span class='ocrx_word' id='word_1_261' title='bbox 385 3121 418 3167; x_wconf 87' lang='grc'>14</span> <span class='ocrx_word' id='word_1_262' title='bbox 437 3115 491 3168; x_wconf 90' lang='lat' dir='ltr'>hoc</span> <span class='ocrx_word' id='word_1_263' title='bbox 509 3132 559 3169; x_wconf 79' lang='lat' dir='ltr'>om.</span> <span class='ocrx_word' id='word_1_264' title='bbox 571 3134 601 3183; x_wconf 78' lang='lat' dir='ltr'>p,</span> <span class='ocrx_word' id='word_1_265' title='bbox 620 3116 671 3169; x_wconf 91' lang='lat' dir='ltr'>hec</span> <span class='ocrx_word' id='word_1_266' title='bbox 689 3117 749 3168; x_wconf 84' lang='lat' dir='ltr'>hab.</span> <span class='ocrx_word' id='word_1_267' title='bbox 766 3116 797 3168; x_wconf 91' lang='grc' dir='ltr'><em>Ε</em></span> <span class='ocrx_word' id='word_1_268' title='bbox 811 3116 815 3183; x_wconf 77' lang='lat' dir='ltr'>l</span> <span class='ocrx_word' id='word_1_269' title='bbox 831 3132 900 3184; x_wconf 88' lang='lat' dir='ltr'>quos</span> <span class='ocrx_word' id='word_1_270' title='bbox 916 3116 963 3186; x_wconf 75' lang='lat' dir='ltr'>F}</span> <span class='ocrx_word' id='word_1_271' title='bbox 980 3114 1098 3170; x_wconf 89' lang='lat' dir='ltr'>salliun-</span> 
     </span>
     <span class='ocr_line' id='line_1_33' title="bbox 85 3184 1098 3260; baseline 0 -20"><span class='ocrx_word' id='word_1_272' title='bbox 85 3189 133 3241; x_wconf 89' lang='lat' dir='ltr'>tur</span> <span class='ocrx_word' id='word_1_273' title='bbox 142 3189 170 3255; x_wconf 82' lang='lat' dir='ltr'>S,</span> <span class='ocrx_word' id='word_1_274' title='bbox 186 3188 332 3242; x_wconf 86' lang='lat' dir='ltr'>saluantur</span> <span class='ocrx_word' id='word_1_275' title='bbox 341 3188 378 3252; x_wconf 76' lang='grc' dir='ltr'>Ε,</span> <span class='ocrx_word' id='word_1_276' title='bbox 392 3184 538 3239; x_wconf 86' lang='lat' dir='ltr'>soluuntur</span> <span class='ocrx_word' id='word_1_277' title='bbox 547 3186 646 3255; x_wconf 58' lang='lat' dir='ltr'>vinos),</span> <span class='ocrx_word' id='word_1_278' title='bbox 663 3187 777 3240; x_wconf 86' lang='lat' dir='ltr'>aluntur</span> <span class='ocrx_word' id='word_1_279' title='bbox 786 3187 816 3239; x_wconf 84' lang='lat' dir='ltr'><em>F</em></span> <span class='ocrx_word' id='word_1_280' title='bbox 827 3186 832 3257; x_wconf 74' lang='lat' dir='ltr'>l</span> <span class='ocrx_word' id='word_1_281' title='bbox 842 3192 874 3241; x_wconf 78' lang='lat'>15</span> <span class='ocrx_word' id='word_1_282' title='bbox 884 3185 945 3256; x_wconf 87' lang='lat' dir='ltr'>uini</span> <span class='ocrx_word' id='word_1_283' title='bbox 954 3185 1040 3240; x_wconf 84' lang='lat' dir='ltr'>mella</span> <span class='ocrx_word' id='word_1_284' title='bbox 1050 3187 1098 3260; x_wconf 69' lang='lat' dir='ltr'>El}</span> 
     </span>
     <span class='ocr_line' id='line_1_34' title="bbox 87 3256 1097 3328; baseline 0 -18"><span class='ocrx_word' id='word_1_285' title='bbox 87 3264 121 3311; x_wconf 84' lang='grc'>16</span> <span class='ocrx_word' id='word_1_286' title='bbox 139 3258 186 3311; x_wconf 84' lang='lat' dir='ltr'>DE</span> <span class='ocrx_word' id='word_1_287' title='bbox 206 3257 315 3312; x_wconf 82' lang='lat' dir='ltr'>MALIS</span> <span class='ocrx_word' id='word_1_288' title='bbox 335 3256 520 3310; x_wconf 83' lang='lat' dir='ltr'>SERENDIS.</span> <span class='ocrx_word' id='word_1_289' title='bbox 546 3257 642 3310; x_wconf 89' lang='lat' dir='ltr'>Mense</span> <span class='ocrx_word' id='word_1_290' title='bbox 661 3259 698 3324; x_wconf 83' lang='lat' dir='ltr'>E,</span> <span class='ocrx_word' id='word_1_291' title='bbox 717 3257 759 3311; x_wconf 92' lang='lat' dir='ltr'>De</span> <span class='ocrx_word' id='word_1_292' title='bbox 776 3274 823 3310; x_wconf 91' lang='lat' dir='ltr'>ma</span> <span class='ocrx_word' id='word_1_293' title='bbox 835 3257 859 3311; x_wconf 90' lang='lat' dir='ltr'>is</span> <span class='ocrx_word' id='word_1_294' title='bbox 878 3275 892 3312; x_wconf 93' lang='lat' dir='ltr'>c</span> <span class='ocrx_word' id='word_1_295' title='bbox 908 3261 911 3328; x_wconf 89' lang='grc' dir='ltr'>Ι</span> <span class='ocrx_word' id='word_1_296' title='bbox 927 3256 997 3312; x_wconf 90' lang='lat' dir='ltr'>locis</span> <span class='ocrx_word' id='word_1_297' title='bbox 1015 3256 1097 3328; x_wconf 78' lang='lat' dir='ltr'>frigi-</span> 
     </span>
     <span class='ocr_line' id='line_1_35' title="bbox 87 3327 1098 3398; baseline 0.005 -18"><span class='ocrx_word' id='word_1_298' title='bbox 87 3327 130 3382; x_wconf 87' lang='lat' dir='ltr'>dis</span> <span class='ocrx_word' id='word_1_299' title='bbox 145 3337 209 3398; x_wconf 80' lang='lat' dir='ltr'>post</span> <span class='ocrx_word' id='word_1_300' title='bbox 225 3329 327 3384; x_wconf 90' lang='lat' dir='ltr'>martio</span> <span class='ocrx_word' id='word_1_301' title='bbox 346 3331 426 3383; x_wconf 75' lang='lat' dir='ltr'>insa</span> <span class='ocrx_word' id='word_1_302' title='bbox 455 3331 459 3397; x_wconf 89' lang='grc' dir='ltr'>Ι</span> <span class='ocrx_word' id='word_1_303' title='bbox 488 3328 562 3381; x_wconf 86' lang='lat' dir='ltr'>mela</span> <span class='ocrx_word' id='word_1_304' title='bbox 580 3328 856 3397; x_wconf 70' lang='lat' dir='ltr'><em>PLQVTFGE1,</em></span> <span class='ocrx_word' id='word_1_305' title='bbox 879 3327 955 3382; x_wconf 86' lang='lat' dir='ltr'>mala</span> <span class='ocrx_word' id='word_1_306' title='bbox 974 3331 1055 3383; x_wconf 75' lang='lat' dir='ltr'>ceteri</span> <span class='ocrx_word' id='word_1_307' title='bbox 1072 3335 1098 3385; x_wconf 83' lang='lat' dir='ltr'>ct</span> 
     </span>
     <span class='ocr_line' id='line_1_36' title="bbox 85 3398 1097 3471; baseline 0.002 -18"><span class='ocrx_word' id='word_1_308' title='bbox 85 3401 126 3453; x_wconf 82' lang='lat' dir='ltr'>sic</span> <span class='ocrx_word' id='word_1_309' title='bbox 143 3403 251 3468; x_wconf 81' lang='lat' dir='ltr'>saepias</span> <span class='ocrx_word' id='word_1_310' title='bbox 264 3404 273 3471; x_wconf 84' lang='grc' dir='ltr'>ΙΙ</span> <span class='ocrx_word' id='word_1_311' title='bbox 290 3406 321 3453; x_wconf 80' lang='grc'>17</span> <span class='ocrx_word' id='word_1_312' title='bbox 340 3398 449 3469; x_wconf 89' lang='lat' dir='ltr'>regioni</span> <span class='ocrx_word' id='word_1_313' title='bbox 468 3398 575 3453; x_wconf 90' lang='lat' dir='ltr'>octobri</span> <span class='ocrx_word' id='word_1_314' title='bbox 594 3401 627 3469; x_wconf 70' lang='lat' dir='ltr'>ll</span> <span class='ocrx_word' id='word_1_315' title='bbox 642 3405 675 3454; x_wconf 84' lang='lat'>20</span> <span class='ocrx_word' id='word_1_316' title='bbox 694 3399 826 3468; x_wconf 88' lang='lat' dir='ltr'>suppedit</span> <span class='ocrx_word' id='word_1_317' title='bbox 844 3400 914 3467; x_wconf 81' lang='lat' dir='ltr'>PL,</span> <span class='ocrx_word' id='word_1_318' title='bbox 934 3399 1097 3469; x_wconf 87' lang='lat' dir='ltr'>suppeditet</span> 
     </span>
     <span class='ocr_line' id='line_1_37' title="bbox 81 3470 1094 3542; baseline 0.002 -19"><span class='ocrx_word' id='word_1_319' title='bbox 81 3471 355 3542; x_wconf 65' lang='lat' dir='ltr'>J&#39;Sr’onaacpsp</span> <span class='ocrx_word' id='word_1_320' title='bbox 377 3474 406 3525; x_wconf 87' lang='lat' dir='ltr'>et</span> <span class='ocrx_word' id='word_1_321' title='bbox 423 3487 473 3524; x_wconf 87' lang='lat' dir='ltr'>om.</span> <span class='ocrx_word' id='word_1_322' title='bbox 489 3471 519 3523; x_wconf 90' lang='grc' dir='ltr'><em>Ε</em></span> <span class='ocrx_word' id='word_1_323' title='bbox 538 3472 542 3541; x_wconf 81' lang='grc' dir='ltr'>Ι</span> <span class='ocrx_word' id='word_1_324' title='bbox 562 3470 592 3522; x_wconf 93' lang='lat' dir='ltr'>in</span> <span class='ocrx_word' id='word_1_325' title='bbox 611 3487 661 3524; x_wconf 85' lang='lat' dir='ltr'>om.</span> <span class='ocrx_word' id='word_1_326' title='bbox 677 3472 713 3538; x_wconf 75' lang='grc' dir='ltr'>ΕῚ</span> <span class='ocrx_word' id='word_1_327' title='bbox 732 3472 823 3525; x_wconf 72' lang='lat' dir='ltr'>tacis</span> <span class='ocrx_word' id='word_1_328' title='bbox 845 3473 855 3539; x_wconf 78' lang='lat' dir='ltr'>ss</span> <span class='ocrx_word' id='word_1_329' title='bbox 877 3476 910 3523; x_wconf 79' lang='grc'>22</span> <span class='ocrx_word' id='word_1_330' title='bbox 929 3487 1021 3525; x_wconf 89' lang='lat' dir='ltr'>mersa</span> <span class='ocrx_word' id='word_1_331' title='bbox 1040 3472 1071 3525; x_wconf 91' lang='grc' dir='ltr'><em>Ε</em></span> <span class='ocrx_word' id='word_1_332' title='bbox 1089 3471 1094 3542; x_wconf 84' lang='grc' dir='ltr'>Ι</span> 
     </span>
     <span class='ocr_line' id='line_1_38' title="bbox 70 3540 1008 3613; baseline 0.001 -22"><span class='ocrx_word' id='word_1_333' title='bbox 70 3542 104 3592; x_wconf 79' lang='lat' dir='ltr'>et</span> <span class='ocrx_word' id='word_1_334' title='bbox 118 3557 169 3593; x_wconf 69' lang='lat' dir='ltr'>erra</span> <span class='ocrx_word' id='word_1_335' title='bbox 189 3542 242 3610; x_wconf 75' lang='lat' dir='ltr'>Gp</span> <span class='ocrx_word' id='word_1_336' title='bbox 250 3545 267 3612; x_wconf 68' lang='lat' dir='ltr'>s(</span> <span class='ocrx_word' id='word_1_337' title='bbox 278 3549 314 3597; x_wconf 81' lang='lat'>24</span> <span class='ocrx_word' id='word_1_338' title='bbox 333 3560 387 3599; x_wconf 90' lang='lat' dir='ltr'>nec</span> <span class='ocrx_word' id='word_1_339' title='bbox 406 3541 549 3599; x_wconf 91' lang='lat' dir='ltr'>humectis</span> <span class='ocrx_word' id='word_1_340' title='bbox 565 3544 593 3598; x_wconf 90' lang='grc' dir='ltr'><em>Ε</em></span> <span class='ocrx_word' id='word_1_341' title='bbox 606 3544 620 3613; x_wconf 75' lang='lat' dir='ltr'>ll</span> <span class='ocrx_word' id='word_1_342' title='bbox 631 3548 666 3596; x_wconf 75' lang='lat' dir='ltr'>‘lt</span> <span class='ocrx_word' id='word_1_343' title='bbox 684 3541 824 3595; x_wconf 67' lang='lat' dir='ltr'>maculosa</span> <span class='ocrx_word' id='word_1_344' title='bbox 841 3543 868 3594; x_wconf 86' lang='lat' dir='ltr'>L</span> <span class='ocrx_word' id='word_1_345' title='bbox 878 3540 975 3608; x_wconf 62' lang='lat' dir='ltr'>licant</span> <span class='ocrx_word' id='word_1_346' title='bbox 989 3559 1008 3606; x_wconf 84' lang='lat' dir='ltr'>p</span> 
     </span>
    </p>
   </div>
   <div class='ocr_carea' id='block_1_5' title="bbox 0 0 1194 3832">
    <p class='ocr_par' dir='ltr' id='par_1_5' title="bbox 0 0 1194 3832">
     <span class='ocr_line' id='line_1_39' title="bbox 0 0 1194 3832; baseline 0 2"><span class='ocrx_word' id='word_1_347' title='bbox 0 0 1194 3832; x_wconf 95' lang='lat' dir='ltr'> </span> 
     </span>
    </p>
   </div>
  </div>
 </body>
</html>
