2378 3832
110 135 152 199 10
522 133 694 188 PALLADE

107 284 231 345 aetates
256 281 296 344 ad
318 279 380 345 hoc
402 281 605 364 perducenda
628 285 687 361 est,
709 284 747 344 ut
768 277 849 344 locis
871 280 1116 347 molestioribus

108 373 263 453 quattuor
290 368 426 452 pedibus
455 392 473 433 a
499 373 600 452 terra,
630 368 862 453 placidioribus
887 391 964 434 uero
989 374 1117 452 septem

107 459 278 523 summitas
308 456 376 522 eius
405 459 564 543 insurgat.
607 458 737 541 hortus,
765 458 821 541 qui
849 458 937 522 caelo
962 458 1116 523 clementi

106 547 253 613 subiacet
276 551 310 610 et
332 546 466 612 fontano
489 569 601 611 umore
625 547 836 630 percurritur,
865 568 966 630 prope
989 551 1055 630 est,
1078 551 1117 612 nt

106 636 190 699 liber
214 636 257 700 sit
280 639 313 699 et
335 636 460 700 nullam
479 636 605 700 serendi
624 635 828 719 disciplinam
846 636 1000 719 requirat.
1040 637 1115 702 sub·
1140 662 1151 703 r

106 724 221 810 ligatio
250 723 374 789 acerbis
402 725 474 790 uuis
502 723 649 789 facienda
678 729 740 806 est,
773 725 901 807 quando
931 724 1117 790 excutiendi

54 819 93 881 11
108 819 164 878 aut
197 814 367 897 rumpendi
398 813 482 878 acini
513 814 603 877 nulla
635 813 774 878 formido
805 816 864 878 est.
908 813 1055 898 ligatura
1081 813 1117 878 in

107 903 230 967 uitibus
258 902 365 967 locum
394 903 490 967 debet
517 906 656 985 mutare,
682 924 723 966 ne
751 925 851 967 unum
880 924 1006 985 semper
1033 902 1118 966 adsi-

107 991 214 1056 duitas
238 995 387 1056 conterat
410 991 622 1056 uinculorum.
658 991 817 1056 fossorem
837 991 864 1054 si
883 995 1015 1074 apertus
1035 991 1117 1056 uitis

108 1081 219 1146 oculus
248 1080 379 1162 uiderit,
408 1079 592 1145 caecabitur
614 1101 688 1164 spes
712 1101 832 1165 magna
853 1080 1050 1145 uindemiae:
1081 1085 1116 1145 et
1129 1108 1154 1147 10

105 1171 187 1250 ideo,
207 1170 283 1233 dum
302 1174 352 1234 est
371 1169 488 1252 clausa,
507 1168 657 1233 fodietur.
691 1173 797 1233 terrae
817 1168 1024 1233 altitudinem
1040 1191 1117 1234 cum

105 1258 317 1342 fecunditate,
346 1259 374 1324 si
398 1259 439 1323 ad
460 1258 637 1339 frumenta,
665 1258 789 1323 duobus
813 1258 949 1342 pedibus
972 1258 1119 1342 explora,

106 1352 263 1432 quattuor
286 1370 374 1431 uero,
397 1348 425 1411 si
449 1348 489 1413 ad
513 1348 647 1411 arbusta
669 1348 722 1411 uel
742 1348 835 1411 uites.
877 1347 955 1411 uitis
974 1348 1118 1431 nouella,

105 1440 142 1501 ut
165 1437 260 1501 facile
283 1435 518 1500 incrementum
541 1434 659 1501 dilecta
682 1436 905 1520 consequitur,
932 1436 980 1500 ita
1003 1434 1118 1501 interi-

53 1529 94 1592 12
104 1528 175 1589 tum
209 1524 358 1607 celerem,
392 1525 419 1588 si
448 1525 655 1609 neglegatur,
687 1525 833 1589 incurrit.
878 1524 1011 1589 modum
1039 1529 1116 1590 tene
1131 1551 1155 1592 rs

105 1613 287 1678 aestimatis
315 1613 528 1678 facultatibus
556 1613 622 1677 tuis
649 1613 684 1677 in
707 1611 934 1696 adsumptione
958 1613 1116 1698 culturae,

103 1724 144 1766 ne
173 1702 334 1785 superatis
361 1701 486 1765 uiribus
515 1703 687 1767 excedente
715 1725 866 1767 mensura
893 1700 1034 1785 turpiter
1063 1703 1115 1767 de

105 1812 203 1872 seras,
223 1791 308 1874 quod
327 1794 518 1875 arroganter
537 1792 689 1856 adsumis.
722 1792 846 1855 semina
858 1790 932 1874 plus
948 1811 1046 1874 quam
1062 1813 1116 1856 an-

104 1879 212 1944 nicula
244 1901 313 1943 esse
345 1901 411 1944 non
438 1879 569 1963 debent,
601 1902 641 1945 ne
672 1883 837 1944 uetustate
865 1883 1019 1964 corrupta
1046 1902 1116 1945 non

104 1969 269 2053 prodeant.
309 1967 509 2033 frumentum
538 1968 630 2033 collis
655 1969 784 2053 quidem
809 1990 909 2054 grano
932 1968 1114 2054 robustius,
1128 1995 1154 2034 so

105 2058 161 2123 sed
184 2078 353 2122 mensurae
376 2057 482 2121 minus
506 2057 662 2121 refundet.
705 2058 821 2138 omnia,
845 2079 926 2141 quae
951 2062 1114 2146 seruntur,

104 2150 267 2212 crescente
294 2146 371 2210 luna
399 2151 432 2211 et
460 2146 572 2210 diebus
600 2146 718 2230 tepidis
747 2150 822 2211 sunt
850 2147 993 2211 serenda.
1035 2170 1114 2212 nam

51 2239 92 2303 13
104 2241 197 2320 tepor
224 2241 351 2318 euocat,
378 2235 483 2322 frigus
511 2236 656 2300 includit.
697 2236 725 2300 si
753 2236 815 2299 tibi
844 2256 921 2320 ager
945 2239 994 2299 est
1018 2236 1113 2301 siluis

103 2324 275 2389 inutilibus
294 2329 410 2409 tectus,
429 2326 477 2388 ita
495 2347 569 2389 eum
587 2325 702 2409 diuide,
721 2329 759 2389 ut
777 2325 848 2389 loca
863 2323 998 2409 pinguia
1012 2346 1112 2408 puras

104 2413 217 2477 reddas
240 2413 383 2497 nouales,
406 2415 478 2478 loca
502 2414 627 2478 sterilia
649 2414 741 2478 siluis
764 2417 850 2478 tecta
874 2435 943 2477 esse
965 2414 1152 2499 patierisne

104 2502 180 2585 quia
202 2501 260 2564 illa
282 2503 423 2566 naturali
446 2503 596 2567 ubertate
620 2503 823 2586 respondent,
849 2502 929 2566 haee
951 2501 1110 2567 beneficio

103 2591 269 2654 laetantur
296 2589 445 2654 incendii.
487 2591 543 2654 sed
571 2591 617 2655 sie
642 2592 763 2655 urenda
786 2590 980 2675 distingues,
1009 2595 1046 2655 ut
1070 2591 1111 2655 ad

102 2680 271 2744 incensum
298 2699 412 2763 agrum
442 2682 518 2762 post
550 2679 806 2764 quinquennium
836 2679 1021 2744 reuerteris.
1063 2682 1111 2745 ita

176 2858 189 2906 1
211 2855 334 2907 aetatem
348 2871 366 2906 a
382 2853 386 2924 1
402 2853 583 2922 producenda
596 2855 608 2907 e'
621 2857 660 2923 112
680 2872 697 2908 a
714 2857 790 2908 terra
804 2871 854 2909 om.
869 2856 900 2908 E
911 2857 920 2924 11
934 2861 951 2907 4
965 2857 997 2908 ut
1011 2857 1088 2908 om.c'

102 2925 180 2980 5De
199 2923 322 2994 ligatura
340 2923 484 2978 vinearum
503 2925 582 2978 addit
597 2925 637 2979 G³
654 2927 686 2980 iu
703 2927 826 2995 marpiac
857 2929 865 2995 11
896 2925 1039 2979 decernis
1061 2927 1084 2996 1)

105 3003 119 3050 7
139 3013 172 3051 ac
195 2995 226 3050 in
248 2995 327 3049 nulla
352 2996 415 3065 QV,
440 2994 514 3049 acini
537 2994 596 3049 ulla
617 2997 642 3049 T
665 2999 668 3066 1
693 2995 843 3050 reformido
866 2997 892 3049 V
920 2999 929 3066 11
962 3004 977 3051 8
1000 3000 1110 3050 mutare

103 3068 188 3122 debet
206 3069 236 3122 E
248 3071 287 3138 119
306 3068 347 3121 De
365 3066 486 3121 fossione
504 3065 650 3121 vinearum
669 3069 748 3122 addit
763 3067 802 3121 6⁸
820 3070 851 3122 iu
869 3069 992 3139 marytres
1005 3070 1014 3137 11
1029 3075 1062 3122 10
1082 3071 1110 3122 et

102 3140 231 3209 omEc'ss
246 3146 277 3192 11
298 3139 409 3193 clausus
428 3139 524 3219 urps]
540 3137 664 3191 fodiatur
673 3138 750 3192 SEa
763 3141 772 3208 11
788 3145 820 3192 14
840 3138 915 3192 culta
930 3157 952 3208 p
965 3141 974 3207 11
990 3146 1022 3193 15
1041 3139 1109 3194 faci·

102 3209 158 3262 lem
172 3209 218 3262 uel
233 3210 351 3264 celerem
365 3211 396 3264 E
408 3213 464 3313 1116
480 3208 647 3263 existimatis
657 3210 688 3263 E
700 3212 708 3279 11
724 3215 755 3262 17
771 3209 915 3264 excidente
927 3211 981 3280 QV
992 3213 1001 3280 11
1017 3216 1049 3264 18
1068 3211 1110 3264 De

102 3278 255 3334 seminibus
278 3283 357 3338 addit
381 3282 406 3336 G
442 3282 474 3335 icc
496 3282 619 3362 marpiac
646 3283 655 3350 11
682 3285 716 3333 20
740 3280 853 3348 quidem
871 3298 921 3337 om.
941 3283 963 3349 c',
988 3284 1050 3336 luel.
1070 3301 1083 3337 s
1101 3283 1110 3354 11

103 3357 137 3404 22
157 3349 225 3404 luna
244 3355 383 3406 crescente
401 3354 432 3407 E
447 3354 451 3422 1
467 3352 577 3422 tepedrs
593 3352 641 3421 611
656 3358 688 3404 23
708 3353 804 3432 tepore
823 3355 907 3406 uacat
919 3353 949 3420 V,
969 3355 1050 3422 tepor
1067 3370 1109 3407 re-

101 3424 188 3503 uocat
197 3422 247 3560 ρΕ,
266 3425 345 3491 tepor
363 3425 473 3477 uocati
486 3427 495 3494 11
509 3422 657 3492 2411111111
671 3428 703 3475 27
723 3441 748 3476 sr
766 3423 890 3478 curanda
904 3425 929 3477 V
940 3427 949 3493 11
964 3430 997 3478 28
1013 3425 1110 3493 quien-

93 3510 176 3543 mum
