2378 3832
473 159 677 216 PRAEFATIO
1041 163 1082 218 XI

66 317 122 393 est,
146 315 239 389 atque
256 311 347 371 huius
360 312 430 371 libri
448 311 645 372 Schneiderus
663 312 776 372 adtulit
793 314 906 373 multas
923 314 1076 393 lectiones,

67 422 148 480 quae
170 405 288 461 textum
310 401 440 461 Palladii
463 420 482 459 a
499 400 658 460 Vincentio
681 402 804 478 insuper
825 404 1024 463 retractatum
1046 405 1079 462 et

67 490 264 553 emendatum
285 508 348 550 esse
371 491 486 550 docent.

134 581 184 640 Ex
205 579 295 638 tertio
319 581 421 638 autem
444 578 579 639 codicum
601 598 708 656 genere
728 579 872 639 editiones
894 583 906 639 t
928 580 947 637 i.
971 600 996 640 e.
1014 580 1080 640 Ien-

68 670 239 745 sonianam,
262 687 282 728 c
304 668 324 726 i.
348 688 371 729 e.
392 667 544 746 Aldinam,
572 668 629 728 ci.
653 688 677 728 e.
701 666 979 748 Oommelinianam,
1007 688 1081 745 qua·

68 779 137 819 mm
159 757 390 833 lectiones'ipse
413 757 553 835 excerpsi,
575 757 695 816 fluxisse
719 760 845 816 constat.

135 846 305 924 Lectiones,
336 864 411 922 quas
440 846 563 922 praebet
587 865 610 920 p
638 846 656 905 i.
681 866 705 905 e.
728 846 912 925 Politianns,
942 847 1078 907 efficiunt

69 939 125 997 aut
148 935 264 995 codices
288 926 526 1016 (Florentinos),
555 955 590 994 ex
617 935 727 1011 quibus
753 935 868 1012 hausit,
895 935 957 994 iam
985 936 1078 996 inter

68 1026 189 1103 polatos
218 1025 311 1084 fuisse
341 1026 396 1083 aut
419 1024 456 1082 ab
486 1025 538 1082 illo
568 1024 633 1100 ipso
663 1025 758 1083 factas
786 1042 849 1083 esse
877 1025 1077 1084 coniecturas:

69 1116 176 1189 itaque
204 1114 318 1173 codices
345 1113 488 1173 Politiani
514 1113 546 1170 in
574 1115 681 1189 quarto
710 1133 816 1191 genere
843 1112 985 1172 ridentur
1014 1133 1077 1174 esse

69 1202 256 1263 numerandi.
287 1203 341 1261 bas
358 1202 501 1261 lectiones
520 1221 555 1261 ex
574 1201 755 1261 editionibus
771 1201 894 1261 Gesneri
912 1203 944 1260 et
958 1202 1079 1262 Schnei-

72 1292 135 1351 deri
157 1291 243 1352 addo.

139 1380 205 1438 Iam
226 1383 346 1439 transeo
369 1379 408 1438 ad
431 1398 481 1439 eos
504 1379 626 1457 codices,
650 1379 703 1454 qui
720 1379 851 1439 Palladii
872 1379 984 1438 librum
1004 1378 1081 1439 deci-

72 1490 156 1528 mum
179 1471 322 1544 quartum
344 1469 406 1528 sive
428 1468 586 1528 metricum
609 1468 769 1528 continent.

140 1557 250 1616 Omnes
271 1558 318 1615 illi
339 1576 432 1616 manu
454 1556 570 1635 scripti,
595 1576 670 1633 quos
693 1576 785 1633 supra
806 1557 948 1635 tractari,
971 1556 1080 1616 librum

71 1647 231 1707 metricum
244 1665 304 1705 non
317 1646 461 1722 praebent
473 1647 593 1721 praeter
602 1646 631 1703 A
645 1645 665 1706 i.
679 1666 704 1706 e.
713 1646 973 1707 Vindobonensem
983 1649 1080 1725 3198,

71 1736 107 1796 de
131 1754 193 1811 quo
216 1753 294 1811 quae
316 1735 375 1793 huc
396 1734 557 1813 pertinent,
580 1735 642 1793 iam
664 1736 696 1793 in
718 1736 850 1795 medium
872 1735 994 1813 protuli.

138 1823 224 1883 Idem
244 1823 320 1882 liber
341 1824 482 1882 metricus
506 1824 677 1884 continetur
703 1824 802 1884 codice
825 1826 855 1883 B
878 1825 897 1883 i.
921 1845 945 1885 e.
968 1822 1082 1883 Vindo-

70 1912 197 1973 bonensi
215 1915 310 1990 4772,
334 1931 424 1987 quem
440 1905 656 1972 Endlicherus1
678 1913 732 1971 sub
754 1933 876 1972 numero
896 1911 1081 1972 OOLXXXV

71 2001 190 2061 inducit
208 2001 405 2079 chartaceum,
428 2001 541 2060 saeculi
558 1999 630 2060 XVI
651 2001 791 2080 ineuntiS,
815 2002 999 2061 diversarum
1019 2021 1082 2061 ma-

71 2111 179 2168 nuum,
206 2090 349 2150 foliorum
372 2092 450 2167 377,
477 2090 600 2150 minoris
623 2090 736 2150 formae
760 2089 918 2167 oblongae,
946 2109 1015 2149 cum
1036 2091 1082 2148 irr-

72 2179 235 2256 scriptione
257 2179 416 2238 Palladii
445 2179 583 2238 Rutilii
611 2180 721 2238 Tauri
750 2178 925 2237 Emiliani
955 2178 994 2237 de
1023 2178 1082 2236 In-

72 2269 207 2329 sitione
244 2268 411 2328 arborum
447 2287 587 2328 carmen
624 2268 667 2328 ad
702 2267 929 2343 Pasiphilum
963 2267 1083 2326 virum

72 2357 340 2434 doctissimum,
386 2357 466 2433 quod
506 2377 561 2434 ego
597 2357 791 2415 Vindobonae
832 2374 931 2415 mense
971 2357 1081 2417 martio

72 2447 145 2506 anni
161 2448 245 2505 1875
265 2446 393 2505 contuli:
417 2449 508 2522 atque
526 2447 552 2504 is
570 2446 650 2504 inter
667 2445 761 2504 lineas
778 2464 902 2504 manum
921 2446 1083 2507 secundam

71 2535 165 2594 babet
187 2537 218 2594 et
240 2534 368 2611 epistola
391 2535 429 2593 ad
451 2535 639 2610 Pasiphilum
662 2534 724 2595 sive
747 2535 899 2594 Praefatio
923 2536 1015 2596 deest.

140 2622 241 2684 (lodex
263 2622 290 2682 0
309 2623 328 2684 i.
352 2643 376 2684 e.
399 2624 591 2683 Florentinus
619 2624 680 2684 sive
707 2623 929 2685 Laurentianus
952 2629 1005 2703 47,
1030 2629 1080 2703 24,

72 2712 330 2789 membranaceus,
352 2731 445 2770 manu
468 2713 608 2790 scriptus,
641 2714 754 2773 saeculi
775 2713 844 2792 XV,
874 2714 1016 2774 foliorum
1039 2713 1083 2772 in-

73 2802 254 2878 scriptorum
279 2804 355 2879 141,
381 2800 504 2861 minoris
527 2802 640 2861 formae
663 2821 757 2878 paene
781 2804 959 2880 quadratae,
981 2805 1083 2862 totum

72 2890 204 2949 Palladii
218 2909 293 2966 opus
307 2910 375 2949 cum
392 2890 468 2950 libro
487 2891 611 2951 metrico
630 2891 846 2967 complectitur.
879 2892 962 2950 tertii
981 2892 1084 2950 autem

73 2979 200 3057 generis,
224 2979 259 3038 de
284 2999 343 3054 quo
367 2999 458 3056 supra
481 2979 616 3057 disserui,
640 2999 703 3039 esse
725 2980 857 3057 videtur,
881 2999 949 3038 cum
971 2978 1084 3054 priores

72 3069 156 3146 libri,
190 3069 270 3144 quod
300 3069 502 3147 cognoverim,
533 3068 645 3127 multas
674 3069 919 3144 interpolationes
950 3085 1022 3141 prae
1053 3084 1084 3126 se

72 3159 181 3218 ferant.
235 3162 390 3234 praeterea
425 3159 474 3219 hic
505 3158 597 3217 codex
633 3159 734 3234 plures
769 3158 877 3216 lituras
913 3156 1005 3215 habet
1040 3160 1085 3216 at·

74 3267 132 3324 que
165 3248 285 3324 pictura
321 3249 352 3307 in
389 3249 535 3324 principio
570 3251 601 3308 et
635 3247 803 3306 initialibus
836 3246 946 3305 litteris
983 3246 1084 3327 singu-

73 3338 173 3396 lorum
204 3336 349 3395 librorum
376 3338 490 3396 auratis
521 3338 669 3414 pictisque
702 3339 866 3397 instructus
895 3340 948 3397 est.
999 3339 1086 3398 cuius

144 3529 158 3574 1
180 3521 542 3593 Catalogusetc.V1'ndcb.
565 3530 647 3586 1836.
