2378 3832
98 140 118 203 6
516 137 686 192 PALLADII

98 283 203 370 magis
228 284 390 369 displicet,
414 284 543 369 glebam
566 283 660 348 fictili
684 303 760 347 uase
784 282 869 347 dulci
893 303 978 367 aqua
1000 283 1112 347 made·

54 374 76 438 4
98 373 218 438 factam
242 373 361 438 iudicio
381 373 506 457 saporis
527 372 683 456 explores,
719 370 823 435 uineis
843 392 970 455 qnoque
988 372 1111 436 utilem

98 484 156 546 per
179 462 259 526 haec
282 463 376 546 signa
399 483 583 547 cognosces.
621 461 648 525 si
673 458 790 525 coloris
814 464 846 524 et
870 460 1017 544 corporis
1042 460 1111 525 rari

99 549 303 634 aliquatenus
328 553 424 634 atque
447 551 583 614 resoluti
607 554 670 635 est,
697 550 724 613 si
747 549 905 634 uirgulta,
929 571 1011 635 quae
1035 572 1111 634 pro-

98 638 190 723 tulit,
221 639 319 724 leuia,
348 639 465 723 nitida,
494 661 642 723 procera,
669 638 805 703 fecunda
833 641 921 721 sunt,
948 642 987 702 ut
1015 639 1109 722 piros
1135 666 1146 706 s

98 725 278 810 siluestres,
306 749 440 812 prunoS,
463 728 576 812 rubos,
600 731 769 811 ceteraque
791 725 977 791 huiusmodi
999 749 1110 811 neque

98 818 222 881 intorta
239 838 343 900 neque
363 816 489 881 sterilia
505 839 610 901 neque
625 838 733 880 macra
747 816 892 880 exilitate
904 817 1109 900 languentia.

54 905 75 969 5
100 905 183 969 situs
206 926 284 970 uero
308 909 468 970 terrarum
490 927 595 989 neque
618 905 748 990 planus,
770 910 807 968 ut
831 909 975 990 stagnat,
999 926 1109 988 neque

98 997 306 1078 praeruptus,
338 999 375 1059 ut
403 995 536 1079 defluat,
566 1015 670 1077 neque
699 995 847 1076 obrutus,
876 997 913 1057 nt
940 993 974 1058 in
1001 992 1108 1058 imum

97 1083 221 1147 deiecta
248 1084 333 1148 ualle
358 1084 518 1166 subsidat,
544 1105 647 1167 neque
672 1084 803 1166 arduus,
830 1086 868 1146 ut
891 1087 1108 1165 tempestates
1122 1112 1146 1150 ro

96 1171 255 1237 inmodice
279 1173 400 1237 sentiat
423 1177 456 1237 et
479 1174 616 1237 calores:
640 1172 695 1236 sed
715 1192 754 1235 ex
771 1170 823 1236 his
844 1172 994 1236 omnibus
1012 1172 1107 1237 utilis

96 1282 223 1345 semper
251 1265 302 1325 est
330 1265 468 1346 aequata
494 1261 698 1326 mediocritas
727 1264 760 1324 et
782 1260 836 1324 uel
859 1282 991 1344 campus
1015 1283 1108 1344 aper·

95 1348 161 1414 tior
184 1354 217 1414 et
239 1371 385 1414 umorem
408 1351 557 1435 pluuium
583 1351 667 1414 cliuo
691 1349 823 1414 fallente
847 1349 1028 1414 subducens
1052 1350 1107 1414 uel

97 1438 193 1502 collis
214 1437 357 1502 molliter
379 1460 437 1522 per
459 1440 563 1504 latera
585 1438 742 1504 inclinata
763 1439 917 1502 deductus
936 1437 989 1502 uel
1007 1438 1106 1503 uallis

97 1548 170 1591 cum
199 1527 337 1610 quadam
363 1528 584 1593 moderatione
608 1531 641 1592 et
663 1527 746 1592 aeris
770 1527 905 1591 laxitate
929 1527 1106 1592 summissa
1121 1554 1144 1594 15

95 1615 149 1678 uel
172 1636 265 1678 mons
286 1615 419 1680 alterius
444 1617 593 1682 culminis
618 1616 766 1681 defensus
791 1616 922 1681 obiectu
944 1620 978 1680 et
997 1639 1016 1680 a
1035 1639 1107 1682 mo-

96 1703 283 1767 lestioribus
312 1705 418 1769 uentis
451 1706 535 1770 liber
567 1703 686 1770 auxilio
719 1704 829 1788 aliquo
862 1705 915 1769 uel
947 1704 1106 1790 sublimis,

52 1793 72 1856 6
97 1813 199 1875 asper,
220 1792 275 1856 sed
292 1815 483 1858 nemorosus
502 1798 535 1860 et
552 1794 715 1859 herbidus.
745 1795 801 1858 sed
816 1816 889 1858 cum
903 1792 970 1858 sint
984 1793 1105 1879 genera

18 1914 25 1921 ·
96 1882 257 1944 terrarum
284 1881 438 1968 plurima,
467 1887 504 1948 ut
531 1883 662 1969 pinguis
692 1886 749 1946 aut
772 1905 893 1967 macra,
922 1883 1027 1967 spissa
1051 1883 1106 1948 uel

95 1990 178 2052 rara,
197 1969 283 2034 sicca
301 1970 354 2035 uel
373 1972 483 2036 umida
502 1976 534 2036 et
553 1995 592 2037 ex
609 1971 662 2037 his
676 1971 829 2057 pleraque
843 1971 972 2056 uitiosa,
992 1975 1143 2039 tamenn

94 2063 228 2141 propter
245 2060 405 2125 seminum
420 2061 633 2127 differentiam
648 2083 742 2145 saepe
756 2061 939 2125 necessaria
953 2061 1105 2147 maxime,

96 2146 180 2211 sicut
210 2169 308 2231 supra
336 2149 415 2234 dixi,
448 2150 614 2236 eligendus
644 2153 694 2214 est
716 2148 847 2235 pinguis
875 2171 913 2214 ac
940 2149 1104 2214 resolutus

95 2255 182 2320 ager,
205 2238 262 2320 qui
284 2239 455 2304 minimum
477 2240 623 2304 laborem
645 2239 739 2324 petit,
760 2238 904 2303 fructum
924 2239 1105 2304 maximum

95 2323 209 2388 reddit.
247 2328 378 2392 secundi
401 2328 510 2393 meriti
534 2333 584 2394 est
608 2328 740 2413 spissus,
764 2326 820 2411 qui
840 2327 951 2392 labore
971 2328 1103 2411 quidem

94 2412 249 2497 maximo,
273 2419 383 2480 tamen
407 2418 446 2481 ad
469 2422 548 2482 uota
571 2418 754 2502 respondet.
795 2416 876 2481 illud
899 2436 976 2480 uero
1000 2417 1102 2481 dcter-
1117 2444 1142 2484 as

93 2501 213 2564 rimum
236 2522 337 2586 genus
362 2509 421 2590 est,
445 2508 531 2589 quod
555 2507 617 2571 erit
641 2505 761 2570 siccum
784 2505 882 2570 simul
906 2509 938 2569 et
960 2505 1102 2588 spissum

94 2591 127 2652 et
159 2610 304 2655 macrum
336 2593 388 2656 uel
421 2593 594 2679 frigidum:
636 2595 691 2678 qui
723 2615 800 2679 ager
831 2593 979 2677 pestiferi
1012 2616 1102 2658 more

93 2676 265 2762 fugiendus
290 2685 347 2745 est.

167 2841 181 2886 1
202 2835 395 2908 madefactat?
409 2841 417 2908 11
432 2845 447 2892 2
467 2840 502 2893 de
520 2842 595 2894 terra
613 2839 643 2892 in
656 2857 713 2908 qua
726 2840 856 2909 ponenda
870 2841 913 2892 est
926 2838 1009 2893 vinca
1023 2840 1103 2894 addit

96 2904 136 2958 6³
153 2906 186 2959 ia
204 2908 327 2978 margine
343 2910 346 2977 1
363 2909 446 2963 utilia
467 2911 498 2980 T,
522 2914 625 2965 terram
644 2912 723 2965 addit
742 2911 781 2965 G³
799 2928 885 2979 supra
898 2914 937 2981 113
957 2910 1102 2981 cognoscis

95 2976 116 3030 S
122 2976 191 3057 GE·
204 2979 213 3046 11
237 2983 252 3031 6
271 2996 375 3046 prunus
390 2982 421 3049 V,
439 2980 517 3051 pirus
537 2981 686 3050 siluestris,
705 2999 822 3051 prunus,
840 2982 926 3035 rubus
942 3000 964 3051 p
981 2983 990 3051 11
1015 2988 1029 3036 7
1049 2981 1101 3035 lin·

94 3050 211 3116 guentra
226 3048 268 3100 V¹
285 3051 294 3118 11
314 3055 329 3102 9
348 3050 378 3104 in
396 3071 482 3105 unum
503 3054 528 3106 Τ
544 3056 601 3123 1110
620 3051 765 3107 subsideat
783 3053 860 3122 8121
880 3059 912 3107 12
932 3056 961 3107 ot
980 3057 1102 3121 aequata

96 3118 284 3188 QVG-TFp,
305 3123 333 3174 et
352 3128 509 3192 exaequata
523 3125 581 3178 SE
593 3127 602 3193 11
617 3131 649 3178 17
669 3123 763 3192 aliquo
782 3123 854 3178 liber
871 3123 975 3179 auxilio
990 3125 1106 3179 VGST

95 3188 200 3259 Ραορ,
220 3193 269 3270 apt
287 3193 414 3259 quolibet
433 3193 516 3250 exilio
530 3196 561 3249 E
575 3200 579 3264 1
595 3212 646 3249 neo
664 3194 711 3249 uel
728 3194 855 3249 sublimis
869 3196 916 3250 uel
931 3213 1012 3266 asper
1025 3196 1081 3251 SE

96 3263 128 3311 19
149 3262 199 3312 aut
215 3261 329 3331 pinguis
348 3266 375 3319 V
398 3269 407 3335 11
435 3271 467 3319 21
487 3266 674 3320 necessariam
694 3266 775 3335 Qiac
802 3269 810 3336 11
838 3272 871 3320 22
894 3265 952 3319 dixi
976 3284 1025 3322 om.
1050 3267 1082 3320 Ε

95 3334 128 3381 23
149 3329 273 3385 laborem
295 3335 441 3390 minimum
462 3338 487 3390 T
505 3340 508 3407 1
527 3337 621 3461 poscit
639 3338 749 3407 Enopa
770 3339 774 3408 1
796 3340 825 3391 et
842 3337 964 3392 fructum
978 3340 1078 3415 ¹a'acps
1092 3339 1102 3410 1

95 3406 128 3453 25
147 3401 321 3457 teterrimum
339 3409 385 3478 Vll
400 3414 432 3462 27
452 3408 525 3478 pesti
539 3425 585 3463 oro
604 3410 634 3463 E
