2378 3832
458 108 576 164 AGRIG.
590 109 629 162 XI
644 115 713 163 1-4
1024 109 1090 175 213

280 304 339 372 nu
363 305 459 372 unu
484 307 651 373 sanum
677 306 895 375 snauuuo
1016 260 1018 264 ’

144 430 220 497 Hoc
247 454 356 497 mense
383 432 444 496 lini
472 454 583 497 semen
610 455 767 517 seramus,
798 433 826 497 si
853 432 974 517 placet,
1002 433 1087 516 quod
1110 432 1145 498 II

71 541 137 604 pro
166 520 295 586 malitia
322 521 374 586 sui
402 522 574 587 serendum
598 526 752 587 nonest:
781 543 857 585 nam
880 527 987 586 terrae
1009 521 1092 586 uber

73 608 240 675 exhaurit.
286 610 342 674 sed
373 610 401 675 si
433 610 516 676 uelis
548 611 621 675 loco
654 610 871 696 pinguissimo
904 615 938 674 et
966 611 1090 676 modice

36 698 205 781 sumido,
232 704 358 763 seretur
384 699 420 763 in
446 699 560 784 iugero
585 703 658 764 octo
682 698 809 765 modiis.
855 699 957 783 aliqui
981 722 1090 765 macro

75 786 152 851 solo
175 786 317 871 spissum
341 791 466 853 serunt:
493 789 541 852 ita
568 789 804 873 adsequuntur,
829 791 868 852 ut
890 787 994 852 linum
1019 789 1092 853 sub-

75 875 138 939 tile
160 880 322 941 nascatur.
380 887 381 891 ’

102 1087 164 1153 DE
189 1086 406 1154 NOTANDA
430 1088 590 1155 VI'HVM
612 1088 921 1176 FERTILITATE,
944 1087 1069 1165 QVAM

280 1194 616 1263 PROVIDEBIMVS
639 1194 894 1263 PANOTIONI.

28 1334 62 1377 [ο
148 1319 245 1386 Nunc
277 1321 462 1404 obportuna
493 1321 656 1386 uindemia
688 1325 753 1404 est,
786 1322 876 1387 cuius
909 1326 1056 1406 tempore
1094 1319 1146 1386 ΠΙ

81 1410 225 1474 notanda
248 1414 299 1474 est
320 1410 504 1475 fecunditas
527 1408 646 1474 uitium
668 1414 703 1474 et
726 1411 815 1476 notis
834 1411 1092 1495 quibuscumque

83 1498 250 1584 signanda,
272 1501 310 1562 ut
333 1520 372 1563 ex
394 1498 447 1564 his
471 1499 511 1563 ad
534 1500 720 1582 ponendum
743 1504 908 1565 sarmenta
928 1499 1092 1585 possimus

83 1586 210 1673 eligere.
250 1587 371 1651 adserit
395 1591 506 1653 autem
529 1585 710 1653 Columella
732 1611 797 1654 uno
821 1610 906 1654 anno
930 1589 1092 1673 explorari
1134 1602 1137 1610 ⁴

82 1674 290 1741 fertilitatem
324 1696 392 1740 non
426 1698 524 1760 posse
557 1678 613 1741 sed
646 1681 814 1762 quattuor:
856 1699 920 1763 quo
956 1699 1091 1743 numero

29 1780 70 1826 15
84 1765 292 1851 cognoscitur
314 1786 392 1829 uera
415 1765 618 1851 generositas
642 1768 855 1833 surculorum.

111 1974 172 2043 DE
195 1974 421 2043 PONENDIS
445 1976 598 2043 VINEIS
621 1977 709 2043 VEL
733 1977 1062 2062 PROPAGANDIS,

152 2081 453 2169 REPARANDIS,
474 2082 698 2150 PVTANDIS
721 2083 778 2149 ΕΤ
800 2082 1024 2150 ARBVSTIS.

146 2207 219 2273 Hoc
242 2230 351 2272 mense
375 2213 555 2292 postremo,
582 2207 640 2272 ubi
666 2208 761 2273 calidi
785 2231 822 2274 ac
846 2208 924 2274 sicci
948 2206 1032 2273 aeris
1073 2207 1140 2273 IIII

80 2297 222 2382 qualitas
250 2300 314 2382 est,
342 2296 399 2361 ubi
427 2298 520 2362 exilis
549 2302 582 2362 et
608 2296 717 2361 aridus
741 2319 888 2382 campus,
917 2297 975 2362 ubi
998 2295 1091 2362 collis

37 2389 276 2471 copraeruptus
309 2389 366 2450 aut
398 2408 519 2471 macer,
550 2387 634 2451 uites
667 2385 807 2450 utillime
839 2390 1021 2472 ponuntur,
1052 2387 1092 2452 de

81 2475 201 2560 quibus
230 2475 311 2539 satis
340 2496 449 2540 mense
478 2476 641 2540 februario
675 2474 848 2559 disputaui.
892 2498 978 2541 nunc
1009 2476 1091 2542 locis

80 2564 187 2647 siccis,
201 2562 324 2648 calidis,
338 2563 487 2648 exilibus,
505 2563 632 2648 macris,
649 2564 828 2649 harenosis,
847 2565 974 2649 apricis,
994 2587 1093 2648 quac·

80 2673 219 2736 cumque
252 2651 291 2717 de
322 2652 476 2734 pastinis,
510 2653 548 2717 de
575 2653 699 2717 uitibus
726 2653 899 2739 ponendis,
929 2653 1093 2738 putandis,

79 2741 310 2826 propagandis,
329 2742 517 2826 reparandis
536 2743 590 2806 uel
605 2742 739 2807 arbusto
754 2742 900 2807 faciendo
916 2745 989 2806 ante
1005 2741 1093 2806 dicta

152 2974 169 3022 2
188 2969 264 3037 quod
282 2970 410 3026 tamena
432 2972 441 3039 u
464 2975 480 3022 3
499 2969 658 3023 ubertatem
676 2970 734 3037 Ei,
753 2968 908 3023 utilitatem
931 2969 957 3022 V
976 2971 986 3038 ΙΙ
1008 2974 1025 3021 4
1045 2984 1091 3022 ex-

80 3039 157 3094 aruit
175 3040 242 3106 LF,
262 3039 353 3094 exurit
371 3041 447 3111 Vno
465 3040 504 3094 IX
522 3039 623 3093 modiis
637 3058 660 3109 p
676 3044 680 3110 Ι
695 3040 726 3094 in
744 3057 812 3111 agro
831 3039 890 3093 solo
909 3039 940 3093 E
952 3043 961 3109 ΙΙ
979 3045 995 3092 8
1015 3037 1092 3092 CVM

78 3109 281 3166 VIDEBIMVS
309 3112 348 3178 L,
376 3129 433 3180 qua
459 3110 670 3193 prouidebimus
694 3129 712 3165 a
739 3114 748 3181 ΙΙ
776 3117 791 3164 9
814 3109 985 3164 PAOTIONl
1010 3109 1067 3164 SE

81 3189 114 3237 10
135 3184 303 3253 oportunum
316 3183 348 3235 E
362 3183 366 3253 Ι
383 3185 426 3236 est
439 3181 583 3236 umdemia
597 3182 625 3250 S,
644 3184 688 3235 est
704 3180 881 3237 uinctemiati
896 3184 1021 3250 tempore
1034 3181 1066 3235 E

79 3261 113 3308 11
133 3253 292 3308 notandum
310 3253 486 3322 PLVTFu
502 3259 534 3306 12
554 3255 582 3306 et
596 3270 650 3322 pro
668 3255 701 3306 ut
719 3253 737 3306 S
754 3256 758 3322 Ι
775 3270 808 3307 ex
827 3252 867 3308 eis
886 3254 926 3319 L,
945 3251 1069 3307 exilisG

80 3331 114 3380 13
135 3324 274 3395 explorari
292 3323 513 3379 foecunditatem
531 3340 587 3377 uno
607 3340 680 3378 anno
698 3326 791 3449 iacgr
813 3327 822 3394 11
847 3329 879 3377 14
898 3340 954 3392 quo
975 3339 1091 3378 numero

78 3413 130 3452 orn.
141 3397 173 3450 E
184 3398 194 3466 ΙΙ
209 3401 242 3450 18
257 3398 379 3450 extremo
386 3413 408 3464 p
420 3397 429 3465 ΙΙ
445 3401 477 3449 19
489 3394 583 3449 aridus
599 3397 694 3464 estio,
709 3395 751 3449 ari
771 3413 804 3449 us
819 3396 949 3468 [est]cps
963 3398 1020 3464 [120
1035 3394 1090 3449 uti-

77 3467 186 3522 lissime
203 3485 276 3538 acas
286 3470 300 3537 ll
312 3473 347 3521 22
359 3465 453 3522 'aridis
469 3485 523 3540 pro
543 3466 650 3541 apricis
669 3485 748 3540 ucqs
