<?xml version="1.0" encoding="UTF-8"?>
<!DOCTYPE html PUBLIC "-//W3C//DTD XHTML 1.0 Transitional//EN"
    "http://www.w3.org/TR/xhtml1/DTD/xhtml1-transitional.dtd">
<html xmlns="http://www.w3.org/1999/xhtml" xml:lang="en" lang="en">
 <head>
  <title>
</title>
<meta http-equiv="Content-Type" content="text/html;charset=utf-8" />
  <meta name='ocr-system' content='tesseract 3.04.00' />
  <meta name='ocr-capabilities' content='ocr_page ocr_carea ocr_par ocr_line ocrx_word'/>
</head>
<body>
  <div class='ocr_page' id='page_1' title='image "./palladiirutilii00pallgoog_0144.png"; bbox 0 0 2378 3832; ppageno 0'>
   <div class='ocr_carea' id='block_1_1' title="bbox 458 108 1067 174">
    <p class='ocr_par' dir='ltr' id='par_1_1' title="bbox 458 108 1067 174">
     <span class='ocr_line' id='line_1_1' title="bbox 458 108 1067 174; baseline 0 -11"><span class='ocrx_word' id='word_1_1' title='bbox 458 108 576 164; x_wconf 83' lang='lat' dir='ltr'><strong>AGRIO.</strong></span> <span class='ocrx_word' id='word_1_2' title='bbox 591 109 642 163; x_wconf 86' lang='lat'>1111</span> <span class='ocrx_word' id='word_1_3' title='bbox 657 116 672 164; x_wconf 84' lang='grc'>9</span> <span class='ocrx_word' id='word_1_4' title='bbox 1004 109 1067 174; x_wconf 80' lang='grc'><strong>125</strong></span> 
     </span>
    </p>
   </div>
   <div class='ocr_carea' id='block_1_2' title="bbox 21 254 1124 2386">
    <p class='ocr_par' dir='ltr' id='par_1_2' title="bbox 21 254 1124 2386">
     <span class='ocr_line' id='line_1_2' title="bbox 47 254 1119 342; baseline 0 -21"><span class='ocrx_word' id='word_1_5' title='bbox 47 277 141 342; x_wconf 88' lang='lat' dir='ltr'><strong>quae</strong></span> <span class='ocrx_word' id='word_1_6' title='bbox 164 255 232 321; x_wconf 87' lang='lat' dir='ltr'><strong>cito</strong></span> <span class='ocrx_word' id='word_1_7' title='bbox 255 254 398 320; x_wconf 84' lang='lat' dir='ltr'><strong>fructum</strong></span> <span class='ocrx_word' id='word_1_8' title='bbox 421 255 617 320; x_wconf 74' lang='lat' dir='ltr'><strong>ministrent.</strong></span> <span class='ocrx_word' id='word_1_9' title='bbox 658 256 719 320; x_wconf 91' lang='lat' dir='ltr'><strong>hae</strong></span> <span class='ocrx_word' id='word_1_10' title='bbox 743 255 790 319; x_wconf 89' lang='lat' dir='ltr'><strong>sie</strong></span> <span class='ocrx_word' id='word_1_11' title='bbox 813 255 905 319; x_wconf 89' lang='lat' dir='ltr'><strong>fiunt.</strong></span> <span class='ocrx_word' id='word_1_12' title='bbox 943 255 1119 321; x_wconf 79' lang='lat' dir='ltr'><strong>seminali</strong></span> 
     </span>
     <span class='ocr_line' id='line_1_3' title="bbox 49 342 1069 431; baseline -0.002 -21"><span class='ocrx_word' id='word_1_13' title='bbox 49 345 211 431; x_wconf 77' lang='lat' dir='ltr'><strong>asparagi</strong></span> <span class='ocrx_word' id='word_1_14' title='bbox 239 347 373 428; x_wconf 88' lang='lat' dir='ltr'><strong>quanta</strong></span> <span class='ocrx_word' id='word_1_15' title='bbox 387 345 494 409; x_wconf 90' lang='lat' dir='ltr'><strong>tribus</strong></span> <span class='ocrx_word' id='word_1_16' title='bbox 522 345 635 431; x_wconf 81' lang='lat' dir='ltr'><strong>digitis</strong></span> <span class='ocrx_word' id='word_1_17' title='bbox 664 342 923 427; x_wconf 83' lang='lat' dir='ltr'>conprehendere</span> <span class='ocrx_word' id='word_1_18' title='bbox 950 343 1069 429; x_wconf 79' lang='lat' dir='ltr'><strong>possis,</strong></span> 
     </span>
     <span class='ocr_line' id='line_1_4' title="bbox 52 431 1068 519; baseline -0.002 -20"><span class='ocrx_word' id='word_1_19' title='bbox 52 437 134 518; x_wconf 91' lang='lat' dir='ltr'><strong>post</strong></span> <span class='ocrx_word' id='word_1_20' title='bbox 156 435 229 498; x_wconf 91' lang='lat' dir='ltr'><strong>idus</strong></span> <span class='ocrx_word' id='word_1_21' title='bbox 252 432 571 519; x_wconf 81' lang='lat' dir='ltr'><strong>februariaspingui</strong></span> <span class='ocrx_word' id='word_1_22' title='bbox 594 438 627 498; x_wconf 92' lang='lat' dir='ltr'><strong>et</strong></span> <span class='ocrx_word' id='word_1_23' title='bbox 650 435 830 497; x_wconf 87' lang='lat' dir='ltr'><strong>stercorato</strong></span> <span class='ocrx_word' id='word_1_24' title='bbox 854 433 926 499; x_wconf 92' lang='lat' dir='ltr'><strong>loco</strong></span> <span class='ocrx_word' id='word_1_25' title='bbox 952 433 987 497; x_wconf 91' lang='lat' dir='ltr'><strong>in</strong></span> <span class='ocrx_word' id='word_1_26' title='bbox 1006 431 1068 497; x_wconf 91' lang='lat' dir='ltr'><strong>sin—</strong></span> 
     </span>
     <span class='ocr_line' id='line_1_5' title="bbox 57 521 1068 610; baseline -0.001 -23"><span class='ocrx_word' id='word_1_27' title='bbox 57 523 147 610; x_wconf 85' lang='lat' dir='ltr'><strong>gulis</strong></span> <span class='ocrx_word' id='word_1_28' title='bbox 176 521 274 588; x_wconf 89' lang='lat' dir='ltr'><strong>fossis</strong></span> <span class='ocrx_word' id='word_1_29' title='bbox 302 543 403 606; x_wconf 90' lang='lat' dir='ltr'><strong>pones</strong></span> <span class='ocrx_word' id='word_1_30' title='bbox 431 526 464 586; x_wconf 89' lang='lat' dir='ltr'><strong>et</strong></span> <span class='ocrx_word' id='word_1_31' title='bbox 487 522 604 586; x_wconf 89' lang='lat' dir='ltr'><strong>leuiter</strong></span> <span class='ocrx_word' id='word_1_32' title='bbox 628 523 754 587; x_wconf 90' lang='lat' dir='ltr'><strong>obrues.</strong></span> <span class='ocrx_word' id='word_1_33' title='bbox 800 521 852 586; x_wconf 89' lang='lat' dir='ltr'><strong>his</strong></span> <span class='ocrx_word' id='word_1_34' title='bbox 877 521 1068 588; x_wconf 85' lang='lat' dir='ltr'><strong>coeuntibus</strong></span> 
     </span>
     <span class='ocr_line' id='line_1_6' title="bbox 28 609 1068 696; baseline -0.006 -14"><span class='ocrx_word' id='word_1_35' title='bbox 28 611 154 682; x_wconf 78' lang='lat' dir='ltr'><strong>sradix</strong></span> <span class='ocrx_word' id='word_1_36' title='bbox 178 633 322 676; x_wconf 86' lang='lat' dir='ltr'><strong>connexa</strong></span> <span class='ocrx_word' id='word_1_37' title='bbox 343 614 505 694; x_wconf 86' lang='lat' dir='ltr'><strong>nascetur,</strong></span> <span class='ocrx_word' id='word_1_38' title='bbox 529 633 610 696; x_wconf 90' lang='lat' dir='ltr'><strong>quae</strong></span> <span class='ocrx_word' id='word_1_39' title='bbox 632 610 813 694; x_wconf 85' lang='lat' dir='ltr'><strong>adpellatur</strong></span> <span class='ocrx_word' id='word_1_40' title='bbox 833 609 976 696; x_wconf 87' lang='lat' dir='ltr'><strong>sfongea.</strong></span> <span class='ocrx_word' id='word_1_41' title='bbox 1013 612 1068 676; x_wconf 89' lang='lat' dir='ltr'><strong>sed</strong></span> 
     </span>
     <span class='ocr_line' id='line_1_7' title="bbox 59 697 1068 784; baseline -0.001 -18"><span class='ocrx_word' id='word_1_42' title='bbox 59 705 95 766; x_wconf 89' lang='lat' dir='ltr'><strong>et</strong></span> <span class='ocrx_word' id='word_1_43' title='bbox 115 699 198 769; x_wconf 86' lang='lat' dir='ltr'><strong>haec</strong></span> <span class='ocrx_word' id='word_1_44' title='bbox 216 721 325 765; x_wconf 87' lang='lat' dir='ltr'><strong>moras</strong></span> <span class='ocrx_word' id='word_1_45' title='bbox 342 700 449 767; x_wconf 88' lang='lat' dir='ltr'><strong>babet.</strong></span> <span class='ocrx_word' id='word_1_46' title='bbox 486 722 563 764; x_wconf 90' lang='lat' dir='ltr'><strong>nam</strong></span> <span class='ocrx_word' id='word_1_47' title='bbox 581 723 639 784; x_wconf 91' lang='lat' dir='ltr'><strong>per</strong></span> <span class='ocrx_word' id='word_1_48' title='bbox 657 697 822 764; x_wconf 90' lang='lat' dir='ltr'><strong>biennium</strong></span> <span class='ocrx_word' id='word_1_49' title='bbox 842 700 876 763; x_wconf 91' lang='lat' dir='ltr'><strong>in</strong></span> <span class='ocrx_word' id='word_1_50' title='bbox 895 700 1068 766; x_wconf 91' lang='lat' dir='ltr'><strong>seminario</strong></span> 
     </span>
     <span class='ocr_line' id='line_1_8' title="bbox 59 787 1069 855; baseline 0 -1"><span class='ocrx_word' id='word_1_51' title='bbox 59 811 119 855; x_wconf 91' lang='lat' dir='ltr'><strong>suo</strong></span> <span class='ocrx_word' id='word_1_52' title='bbox 156 792 208 855; x_wconf 89' lang='lat' dir='ltr'><strong>cst</strong></span> <span class='ocrx_word' id='word_1_53' title='bbox 244 792 385 854; x_wconf 83' lang='lat' dir='ltr'><strong>stercore</strong></span> <span class='ocrx_word' id='word_1_54' title='bbox 422 792 455 854; x_wconf 87' lang='lat' dir='ltr'><strong>et</strong></span> <span class='ocrx_word' id='word_1_55' title='bbox 492 789 626 854; x_wconf 90' lang='lat' dir='ltr'><strong>adsidua</strong></span> <span class='ocrx_word' id='word_1_56' title='bbox 662 787 851 854; x_wconf 83' lang='lat' dir='ltr'><strong>runcatione</strong></span> <span class='ocrx_word' id='word_1_57' title='bbox 887 789 1069 854; x_wconf 82' lang='lat' dir='ltr'><strong>nutrienda.</strong></span> 
     </span>
     <span class='ocr_line' id='line_1_9' title="bbox 59 876 1069 962; baseline -0.001 -19"><span class='ocrx_word' id='word_1_58' title='bbox 59 878 174 943; x_wconf 91' lang='lat' dir='ltr'><strong>deinde</strong></span> <span class='ocrx_word' id='word_1_59' title='bbox 210 882 287 962; x_wconf 86' lang='lat' dir='ltr'><strong>post</strong></span> <span class='ocrx_word' id='word_1_60' title='bbox 323 876 564 961; x_wconf 86' lang='lat' dir='ltr'><strong>aequinoctium</strong></span> <span class='ocrx_word' id='word_1_61' title='bbox 600 878 748 943; x_wconf 86' lang='lat' dir='ltr'><strong>autumni</strong></span> <span class='ocrx_word' id='word_1_62' title='bbox 785 876 1000 943; x_wconf 86' lang='lat' dir='ltr'><strong>transferetur</strong></span> <span class='ocrx_word' id='word_1_63' title='bbox 1036 881 1069 942; x_wconf 87' lang='lat' dir='ltr'><strong>et</strong></span> 
     </span>
     <span class='ocr_line' id='line_1_10' title="bbox 58 965 1068 1053; baseline -0.002 -21"><span class='ocrx_word' id='word_1_64' title='bbox 58 989 135 1032; x_wconf 89' lang='lat' dir='ltr'><strong>uere</strong></span> <span class='ocrx_word' id='word_1_65' title='bbox 168 987 363 1053; x_wconf 82' lang='lat' dir='ltr'><strong>asparagum</strong></span> <span class='ocrx_word' id='word_1_66' title='bbox 394 965 495 1031; x_wconf 86' lang='lat' dir='ltr'><strong>dabit.</strong></span> <span class='ocrx_word' id='word_1_67' title='bbox 547 967 606 1031; x_wconf 79' lang='lat' dir='ltr'><strong>har</strong></span> <span class='ocrx_word' id='word_1_68' title='bbox 644 965 706 1032; x_wconf 91' lang='lat' dir='ltr'><strong>erit</strong></span> <span class='ocrx_word' id='word_1_69' title='bbox 740 966 854 1031; x_wconf 89' lang='lat' dir='ltr'><strong>utilius</strong></span> <span class='ocrx_word' id='word_1_70' title='bbox 893 988 1068 1051; x_wconf 90' lang='lat' dir='ltr'><strong>conparare</strong></span> 
     </span>
     <span class='ocr_line' id='line_1_11' title="bbox 21 1054 1069 1142; baseline -0.004 -18"><span class='ocrx_word' id='word_1_71' title='bbox 21 1086 48 1125; x_wconf 82' lang='lat' dir='ltr'><strong>rc</strong></span> <span class='ocrx_word' id='word_1_72' title='bbox 61 1078 160 1142; x_wconf 86' lang='lat' dir='ltr'><strong>quam</strong></span> <span class='ocrx_word' id='word_1_73' title='bbox 182 1056 284 1141; x_wconf 88' lang='lat' dir='ltr'><strong>longa</strong></span> <span class='ocrx_word' id='word_1_74' title='bbox 302 1056 526 1140; x_wconf 84' lang='lat' dir='ltr'><strong>expectatione</strong></span> <span class='ocrx_word' id='word_1_75' title='bbox 544 1056 677 1120; x_wconf 89' lang='lat' dir='ltr'><strong>nutrire.</strong></span> <span class='ocrx_word' id='word_1_76' title='bbox 716 1077 769 1120; x_wconf 88' lang='lat' dir='ltr'><strong>eas</strong></span> <span class='ocrx_word' id='word_1_77' title='bbox 789 1058 899 1119; x_wconf 92' lang='lat' dir='ltr'><strong>tamen</strong></span> <span class='ocrx_word' id='word_1_78' title='bbox 916 1055 951 1119; x_wconf 92' lang='lat' dir='ltr'><strong>in</strong></span> <span class='ocrx_word' id='word_1_79' title='bbox 971 1054 1069 1120; x_wconf 91' lang='lat' dir='ltr'><strong>sulcis</strong></span> 
     </span>
     <span class='ocr_line' id='line_1_12' title="bbox 60 1143 1070 1229; baseline -0.001 -19"><span class='ocrx_word' id='word_1_80' title='bbox 60 1146 284 1229; x_wconf 84' lang='lat' dir='ltr'><strong>disponemus,</strong></span> <span class='ocrx_word' id='word_1_81' title='bbox 313 1144 341 1209; x_wconf 91' lang='lat' dir='ltr'><strong>si</strong></span> <span class='ocrx_word' id='word_1_82' title='bbox 368 1145 440 1211; x_wconf 89' lang='lat' dir='ltr'><strong>loca</strong></span> <span class='ocrx_word' id='word_1_83' title='bbox 467 1145 553 1210; x_wconf 89' lang='lat' dir='ltr'><strong>sicca</strong></span> <span class='ocrx_word' id='word_1_84' title='bbox 581 1148 670 1226; x_wconf 90' lang='lat' dir='ltr'><strong>sunt,</strong></span> <span class='ocrx_word' id='word_1_85' title='bbox 696 1143 783 1209; x_wconf 91' lang='lat' dir='ltr'><strong>inter</strong></span> <span class='ocrx_word' id='word_1_86' title='bbox 806 1143 929 1207; x_wconf 88' lang='lat' dir='ltr'><strong>medios</strong></span> <span class='ocrx_word' id='word_1_87' title='bbox 954 1144 1070 1227; x_wconf 90' lang='lat' dir='ltr'><strong>sulcos,</strong></span> 
     </span>
     <span class='ocr_line' id='line_1_13' title="bbox 60 1231 1069 1318; baseline -0.002 -20"><span class='ocrx_word' id='word_1_88' title='bbox 60 1235 89 1299; x_wconf 89' lang='lat' dir='ltr'><strong>si</strong></span> <span class='ocrx_word' id='word_1_89' title='bbox 119 1233 245 1316; x_wconf 85' lang='lat' dir='ltr'><strong>umida,</strong></span> <span class='ocrx_word' id='word_1_90' title='bbox 277 1234 312 1297; x_wconf 92' lang='lat' dir='ltr'><strong>in</strong></span> <span class='ocrx_word' id='word_1_91' title='bbox 344 1233 532 1298; x_wconf 89' lang='lat' dir='ltr'><strong>summitate</strong></span> <span class='ocrx_word' id='word_1_92' title='bbox 565 1233 736 1298; x_wconf 87' lang='lat' dir='ltr'><strong>sulcorum.</strong></span> <span class='ocrx_word' id='word_1_93' title='bbox 789 1254 884 1297; x_wconf 89' lang='lat' dir='ltr'><strong>umor</strong></span> <span class='ocrx_word' id='word_1_94' title='bbox 917 1231 1069 1318; x_wconf 86' lang='lat' dir='ltr'><strong>sfongeas</strong></span> 
     </span>
     <span class='ocr_line' id='line_1_14' title="bbox 60 1321 1071 1410; baseline -0.001 -23"><span class='ocrx_word' id='word_1_95' title='bbox 60 1344 295 1410; x_wconf 88' lang='lat' dir='ltr'><strong>asparagorum</strong></span> <span class='ocrx_word' id='word_1_96' title='bbox 323 1321 465 1387; x_wconf 88' lang='lat' dir='ltr'><strong>transitu</strong></span> <span class='ocrx_word' id='word_1_97' title='bbox 493 1344 551 1387; x_wconf 90' lang='lat' dir='ltr'><strong>suo</strong></span> <span class='ocrx_word' id='word_1_98' title='bbox 580 1323 675 1387; x_wconf 88' lang='lat' dir='ltr'><strong>debet</strong></span> <span class='ocrx_word' id='word_1_99' title='bbox 703 1324 833 1386; x_wconf 84' lang='lat' dir='ltr'><strong>tantum</strong></span> <span class='ocrx_word' id='word_1_100' title='bbox 856 1321 977 1406; x_wconf 90' lang='lat' dir='ltr'><strong>rigare,</strong></span> <span class='ocrx_word' id='word_1_101' title='bbox 1004 1343 1071 1386; x_wconf 89' lang='lat' dir='ltr'><strong>non</strong></span> 
     </span>
     <span class='ocr_line' id='line_1_15' title="bbox 61 1409 1123 1497; baseline -0.001 -20"><span class='ocrx_word' id='word_1_102' title='bbox 61 1413 186 1478; x_wconf 90' lang='lat' dir='ltr'><strong>sistere.</strong></span> <span class='ocrx_word' id='word_1_103' title='bbox 239 1432 448 1497; x_wconf 85' lang='lat' dir='ltr'><strong>asparagum,</strong></span> <span class='ocrx_word' id='word_1_104' title='bbox 481 1434 576 1496; x_wconf 90' lang='lat' dir='ltr'><strong>quem</strong></span> <span class='ocrx_word' id='word_1_105' title='bbox 608 1412 714 1495; x_wconf 88' lang='lat' dir='ltr'><strong>primo</strong></span> <span class='ocrx_word' id='word_1_106' title='bbox 747 1409 961 1496; x_wconf 90' lang='lat' dir='ltr'><strong>protulerint,</strong></span> <span class='ocrx_word' id='word_1_107' title='bbox 997 1432 1071 1475; x_wconf 90' lang='lat' dir='ltr'><strong>con·</strong></span> <span class='ocrx_word' id='word_1_108' title='bbox 1083 1413 1123 1476; x_wconf 84' lang='lat'><strong>12</strong></span> 
     </span>
     <span class='ocr_line' id='line_1_16' title="bbox 25 1499 1070 1588; baseline -0.005 -20"><span class='ocrx_word' id='word_1_109' title='bbox 25 1501 203 1588; x_wconf 78' lang='lat' dir='ltr'><strong>refringere</strong></span> <span class='ocrx_word' id='word_1_110' title='bbox 232 1501 400 1586; x_wconf 87' lang='lat' dir='ltr'><strong>debemus,</strong></span> <span class='ocrx_word' id='word_1_111' title='bbox 427 1521 493 1564; x_wconf 92' lang='lat' dir='ltr'><strong>non</strong></span> <span class='ocrx_word' id='word_1_112' title='bbox 521 1499 674 1585; x_wconf 90' lang='lat' dir='ltr'><strong>auellere,</strong></span> <span class='ocrx_word' id='word_1_113' title='bbox 701 1521 742 1564; x_wconf 90' lang='lat' dir='ltr'><strong>ne</strong></span> <span class='ocrx_word' id='word_1_114' title='bbox 766 1499 870 1564; x_wconf 90' lang='lat' dir='ltr'><strong>adhuc</strong></span> <span class='ocrx_word' id='word_1_115' title='bbox 892 1499 1070 1564; x_wconf 88' lang='lat' dir='ltr'><strong>inualidam</strong></span> 
     </span>
     <span class='ocr_line' id='line_1_17' title="bbox 60 1588 1071 1675; baseline -0.002 -21"><span class='ocrx_word' id='word_1_116' title='bbox 60 1611 251 1656; x_wconf 89' lang='lat' dir='ltr'><strong>moneamus</strong></span> <span class='ocrx_word' id='word_1_117' title='bbox 275 1588 457 1675; x_wconf 86' lang='lat' dir='ltr'><strong>sfongeam:</strong></span> <span class='ocrx_word' id='word_1_118' title='bbox 483 1589 600 1654; x_wconf 88' lang='lat' dir='ltr'><strong>ceteris</strong></span> <span class='ocrx_word' id='word_1_119' title='bbox 623 1589 716 1654; x_wconf 87' lang='lat' dir='ltr'><strong>annis</strong></span> <span class='ocrx_word' id='word_1_120' title='bbox 740 1588 926 1654; x_wconf 81' lang='lat' dir='ltr'><strong>euellendus</strong></span> <span class='ocrx_word' id='word_1_121' title='bbox 950 1593 1009 1674; x_wconf 89' lang='lat' dir='ltr'><strong>est,</strong></span> <span class='ocrx_word' id='word_1_122' title='bbox 1033 1593 1071 1653; x_wconf 96' lang='lat' dir='ltr'><strong>ut</strong></span> 
     </span>
     <span class='ocr_line' id='line_1_18' title="bbox 61 1676 1071 1763; baseline -0.003 -18"><span class='ocrx_word' id='word_1_123' title='bbox 61 1679 173 1745; x_wconf 90' lang='lat' dir='ltr'><strong>oculos</strong></span> <span class='ocrx_word' id='word_1_124' title='bbox 196 1679 300 1763; x_wconf 87' lang='lat' dir='ltr'><strong>ipsius</strong></span> <span class='ocrx_word' id='word_1_125' title='bbox 324 1677 571 1763; x_wconf 86' lang='lat' dir='ltr'><strong>germinationis</strong></span> <span class='ocrx_word' id='word_1_126' title='bbox 596 1678 735 1763; x_wconf 90' lang='lat' dir='ltr'><strong>aperiat,</strong></span> <span class='ocrx_word' id='word_1_127' title='bbox 758 1679 848 1762; x_wconf 90' lang='lat' dir='ltr'><strong>quia,</strong></span> <span class='ocrx_word' id='word_1_128' title='bbox 872 1676 900 1742; x_wconf 89' lang='lat' dir='ltr'><strong>si</strong></span> <span class='ocrx_word' id='word_1_129' title='bbox 921 1678 1071 1762; x_wconf 87' lang='lat' dir='ltr'><strong>deinceps</strong></span> 
     </span>
     <span class='ocr_line' id='line_1_19' title="bbox 61 1767 1071 1853; baseline 0.001 -21"><span class='ocrx_word' id='word_1_130' title='bbox 61 1768 240 1853; x_wconf 87' lang='lat' dir='ltr'><strong>refringas,</strong></span> <span class='ocrx_word' id='word_1_131' title='bbox 272 1768 360 1852; x_wconf 89' lang='lat' dir='ltr'><strong>loca,</strong></span> <span class='ocrx_word' id='word_1_132' title='bbox 392 1789 474 1850; x_wconf 90' lang='lat' dir='ltr'><strong>quae</strong></span> <span class='ocrx_word' id='word_1_133' title='bbox 506 1767 643 1832; x_wconf 88' lang='lat' dir='ltr'><strong>fecunda</strong></span> <span class='ocrx_word' id='word_1_134' title='bbox 675 1789 745 1832; x_wconf 89' lang='lat' dir='ltr'><strong>esse</strong></span> <span class='ocrx_word' id='word_1_135' title='bbox 778 1773 991 1849; x_wconf 90' lang='lat' dir='ltr'><strong>consuerunt,</strong></span> <span class='ocrx_word' id='word_1_136' title='bbox 1024 1789 1071 1833; x_wconf 90' lang='lat' dir='ltr'><strong>re·</strong></span> 
     </span>
     <span class='ocr_line' id='line_1_20' title="bbox 62 1855 1073 1942; baseline -0.002 -20"><span class='ocrx_word' id='word_1_137' title='bbox 62 1861 214 1922; x_wconf 90' lang='lat' dir='ltr'><strong>manente</strong></span> <span class='ocrx_word' id='word_1_138' title='bbox 253 1856 405 1942; x_wconf 88' lang='lat' dir='ltr'><strong>asparagi</strong></span> <span class='ocrx_word' id='word_1_139' title='bbox 440 1856 547 1921; x_wconf 90' lang='lat' dir='ltr'><strong>radice</strong></span> <span class='ocrx_word' id='word_1_140' title='bbox 587 1857 784 1921; x_wconf 87' lang='lat' dir='ltr'><strong>claudentur.</strong></span> <span class='ocrx_word' id='word_1_141' title='bbox 838 1855 1073 1921; x_wconf 89' lang='lat' dir='ltr'><strong>ministrabunt</strong></span> 
     </span>
     <span class='ocr_line' id='line_1_21' title="bbox 23 1945 1071 2029; baseline -0.004 -16"><span class='ocrx_word' id='word_1_142' title='bbox 23 1950 173 2014; x_wconf 75' lang='lat' dir='ltr'><strong>nantem</strong></span> <span class='ocrx_word' id='word_1_143' title='bbox 208 1967 298 2010; x_wconf 90' lang='lat' dir='ltr'><strong>nere:</strong></span> <span class='ocrx_word' id='word_1_144' title='bbox 335 1949 368 2009; x_wconf 86' lang='lat' dir='ltr'><strong>et</strong></span> <span class='ocrx_word' id='word_1_145' title='bbox 405 1949 561 2010; x_wconf 88' lang='lat' dir='ltr'><strong>autumno</strong></span> <span class='ocrx_word' id='word_1_146' title='bbox 595 1945 776 2010; x_wconf 78' lang='lat' dir='ltr'><strong>reseruabis</strong></span> <span class='ocrx_word' id='word_1_147' title='bbox 810 1967 899 2029; x_wconf 91' lang='lat' dir='ltr'><strong>eum,</strong></span> <span class='ocrx_word' id='word_1_148' title='bbox 936 1946 974 2009; x_wconf 89' lang='lat' dir='ltr'><strong>de</strong></span> <span class='ocrx_word' id='word_1_149' title='bbox 1007 1966 1071 2029; x_wconf 90' lang='lat' dir='ltr'><strong>quo</strong></span> 
     </span>
     <span class='ocr_line' id='line_1_22' title="bbox 62 2034 1072 2123; baseline -0.002 -24"><span class='ocrx_word' id='word_1_150' title='bbox 62 2039 254 2119; x_wconf 88' lang='lat' dir='ltr'><strong>sumpturus</strong></span> <span class='ocrx_word' id='word_1_151' title='bbox 289 2055 323 2098; x_wconf 88' lang='lat' dir='ltr'><strong>es</strong></span> <span class='ocrx_word' id='word_1_152' title='bbox 353 2034 483 2123; x_wconf 83' lang='lat' dir='ltr'><strong>semina.</strong></span> <span class='ocrx_word' id='word_1_153' title='bbox 529 2038 644 2119; x_wconf 89' lang='lat' dir='ltr'><strong>postea</strong></span> <span class='ocrx_word' id='word_1_154' title='bbox 672 2056 787 2117; x_wconf 89' lang='lat' dir='ltr'><strong>scopas</strong></span> <span class='ocrx_word' id='word_1_155' title='bbox 817 2035 885 2098; x_wconf 88' lang='lat' dir='ltr'><strong>eius</strong></span> <span class='ocrx_word' id='word_1_156' title='bbox 912 2034 1072 2117; x_wconf 86' lang='lat' dir='ltr'><strong>incendes,</strong></span> 
     </span>
     <span class='ocr_line' id='line_1_23' title="bbox 61 2121 1070 2208; baseline -0.005 -19"><span class='ocrx_word' id='word_1_157' title='bbox 61 2129 142 2189; x_wconf 91' lang='lat' dir='ltr'><strong>tunc</strong></span> <span class='ocrx_word' id='word_1_158' title='bbox 160 2123 247 2189; x_wconf 89' lang='lat' dir='ltr'><strong>circa</strong></span> <span class='ocrx_word' id='word_1_159' title='bbox 263 2123 404 2188; x_wconf 88' lang='lat' dir='ltr'><strong>hiemem</strong></span> <span class='ocrx_word' id='word_1_160' title='bbox 424 2122 567 2208; x_wconf 86' lang='lat' dir='ltr'><strong>sfcngeis</strong></span> <span class='ocrx_word' id='word_1_161' title='bbox 587 2121 706 2187; x_wconf 88' lang='lat' dir='ltr'><strong>adicies</strong></span> <span class='ocrx_word' id='word_1_162' title='bbox 726 2127 850 2187; x_wconf 88' lang='lat' dir='ltr'><strong>stercus</strong></span> <span class='ocrx_word' id='word_1_163' title='bbox 870 2127 903 2186; x_wconf 93' lang='lat' dir='ltr'><strong>et</strong></span> <span class='ocrx_word' id='word_1_164' title='bbox 920 2122 1070 2187; x_wconf 88' lang='lat' dir='ltr'><strong>cinerem.</strong></span> 
     </span>
     <span class='ocr_line' id='line_1_24' title="bbox 60 2210 1124 2293; baseline -0.002 -15"><span class='ocrx_word' id='word_1_165' title='bbox 60 2212 125 2278; x_wconf 91' lang='lat' dir='ltr'><strong>hoc</strong></span> <span class='ocrx_word' id='word_1_166' title='bbox 155 2234 265 2277; x_wconf 88' lang='lat' dir='ltr'><strong>mense</strong></span> <span class='ocrx_word' id='word_1_167' title='bbox 297 2215 372 2276; x_wconf 87' lang='lat' dir='ltr'><strong>ruta</strong></span> <span class='ocrx_word' id='word_1_168' title='bbox 404 2212 522 2276; x_wconf 89' lang='lat' dir='ltr'><strong>seritur</strong></span> <span class='ocrx_word' id='word_1_169' title='bbox 553 2210 634 2277; x_wconf 88' lang='lat' dir='ltr'><strong>locis</strong></span> <span class='ocrx_word' id='word_1_170' title='bbox 667 2210 786 2293; x_wconf 90' lang='lat' dir='ltr'><strong>apricis</strong></span> <span class='ocrx_word' id='word_1_171' title='bbox 819 2211 920 2275; x_wconf 92' lang='lat' dir='ltr'><strong>solius</strong></span> <span class='ocrx_word' id='word_1_172' title='bbox 953 2210 1070 2274; x_wconf 88' lang='lat' dir='ltr'><strong>cineris</strong></span> <span class='ocrx_word' id='word_1_173' title='bbox 1084 2212 1124 2276; x_wconf 86' lang='lat'><strong>13</strong></span> 
     </span>
     <span class='ocr_line' id='line_1_25' title="bbox 61 2299 1073 2386; baseline -0.002 -20"><span class='ocrx_word' id='word_1_174' title='bbox 61 2300 266 2386; x_wconf 89' lang='lat' dir='ltr'><strong>inspersione</strong></span> <span class='ocrx_word' id='word_1_175' title='bbox 285 2305 444 2366; x_wconf 87' lang='lat' dir='ltr'><strong>contenta.</strong></span> <span class='ocrx_word' id='word_1_176' title='bbox 473 2301 544 2365; x_wconf 89' lang='lat' dir='ltr'><strong>loca</strong></span> <span class='ocrx_word' id='word_1_177' title='bbox 558 2299 719 2365; x_wconf 88' lang='lat' dir='ltr'><strong>desiderat</strong></span> <span class='ocrx_word' id='word_1_178' title='bbox 734 2299 861 2382; x_wconf 89' lang='lat' dir='ltr'><strong>altiora,</strong></span> <span class='ocrx_word' id='word_1_179' title='bbox 879 2300 963 2363; x_wconf 90' lang='lat' dir='ltr'><strong>unde</strong></span> <span class='ocrx_word' id='word_1_180' title='bbox 978 2321 1073 2364; x_wconf 89' lang='lat' dir='ltr'><strong>umor</strong></span> 
     </span>
    </p>
   </div>
   <div class='ocr_carea' id='block_1_3' title="bbox 62 2473 1114 3551">
    <p class='ocr_par' dir='ltr' id='par_1_3' title="bbox 62 2473 1114 3551">
     <span class='ocr_line' id='line_1_26' title="bbox 137 2473 1074 2548; baseline 0.001 -20"><span class='ocrx_word' id='word_1_181' title='bbox 137 2475 228 2530; x_wconf 83' lang='lat' dir='ltr'><strong>lcito</strong></span> <span class='ocrx_word' id='word_1_182' title='bbox 247 2492 297 2530; x_wconf 85' lang='lat' dir='ltr'><strong>em.</strong></span> <span class='ocrx_word' id='word_1_183' title='bbox 313 2475 359 2546; x_wconf 67' lang='lat' dir='ltr'><strong>L}</strong></span> <span class='ocrx_word' id='word_1_184' title='bbox 384 2475 437 2529; x_wconf 91' lang='lat' dir='ltr'><strong>hec</strong></span> <span class='ocrx_word' id='word_1_185' title='bbox 455 2476 507 2542; x_wconf 81' lang='grc' dir='ltr'><strong>Ε]</strong></span> <span class='ocrx_word' id='word_1_186' title='bbox 533 2475 557 2528; x_wconf 91' lang='lat' dir='ltr'><strong>si</strong></span> <span class='ocrx_word' id='word_1_187' title='bbox 578 2475 636 2544; x_wconf 75' lang='lat' dir='ltr'><strong>QE</strong></span> <span class='ocrx_word' id='word_1_188' title='bbox 651 2477 655 2544; x_wconf 85' lang='grc' dir='ltr'>Ι</span> <span class='ocrx_word' id='word_1_189' title='bbox 671 2473 739 2528; x_wconf 90' lang='lat' dir='ltr'><strong>fient</strong></span> <span class='ocrx_word' id='word_1_190' title='bbox 757 2475 815 2529; x_wconf 84' lang='lat' dir='ltr'><strong>cdd.</strong></span> <span class='ocrx_word' id='word_1_191' title='bbox 839 2476 848 2544; x_wconf 87' lang='grc' dir='ltr'><strong>ΙΙ</strong></span> <span class='ocrx_word' id='word_1_192' title='bbox 871 2475 1010 2545; x_wconf 68' lang='lat' dir='ltr'><strong>apotecis</strong></span> <span class='ocrx_word' id='word_1_193' title='bbox 1026 2495 1048 2545; x_wconf 80' lang='lat' dir='ltr'><strong>p</strong></span> <span class='ocrx_word' id='word_1_194' title='bbox 1064 2476 1074 2548; x_wconf 67' lang='lat' dir='ltr'><strong>t!</strong></span> 
     </span>
     <span class='ocr_line' id='line_1_27' title="bbox 63 2544 1048 2617; baseline 0 -17"><span class='ocrx_word' id='word_1_195' title='bbox 63 2554 80 2600; x_wconf 83' lang='lat'><strong>3</strong></span> <span class='ocrx_word' id='word_1_196' title='bbox 98 2546 236 2601; x_wconf 87' lang='lat' dir='ltr'><strong>februarii</strong></span> <span class='ocrx_word' id='word_1_197' title='bbox 254 2547 296 2615; x_wconf 85' lang='lat' dir='ltr'><strong>E,</strong></span> <span class='ocrx_word' id='word_1_198' title='bbox 314 2545 428 2600; x_wconf 89' lang='lat' dir='ltr'><strong>februas</strong></span> <span class='ocrx_word' id='word_1_199' title='bbox 447 2546 494 2617; x_wconf 61' lang='lat' dir='ltr'><strong>F&gt;</strong></span> <span class='ocrx_word' id='word_1_200' title='bbox 511 2546 570 2600; x_wconf 90' lang='lat' dir='ltr'><strong>solo</strong></span> <span class='ocrx_word' id='word_1_201' title='bbox 588 2546 691 2616; x_wconf 73' lang='lat' dir='ltr'><strong>Eicps</strong></span> <span class='ocrx_word' id='word_1_202' title='bbox 704 2547 744 2616; x_wconf 68' lang='grc'><strong>114</strong></span> <span class='ocrx_word' id='word_1_203' title='bbox 762 2544 831 2599; x_wconf 88' lang='lat' dir='ltr'><strong>locis</strong></span> <span class='ocrx_word' id='word_1_204' title='bbox 846 2562 898 2615; x_wconf 77' lang='lat' dir='ltr'><strong>pro</strong></span> <span class='ocrx_word' id='word_1_205' title='bbox 916 2545 999 2600; x_wconf 89' lang='lat' dir='ltr'><strong>fossis</strong></span> <span class='ocrx_word' id='word_1_206' title='bbox 1018 2548 1048 2600; x_wconf 83' lang='lat' dir='ltr'><em>E</em></span> 
     </span>
     <span class='ocr_line' id='line_1_28' title="bbox 83 2616 1053 2688; baseline -0.002 -16"><span class='ocrx_word' id='word_1_207' title='bbox 83 2618 145 2672; x_wconf 91' lang='lat' dir='ltr'><strong>onis</strong></span> <span class='ocrx_word' id='word_1_208' title='bbox 160 2617 373 2688; x_wconf 64' lang='lat' dir='ltr'><strong>Possm,</strong></span> <span class='ocrx_word' id='word_1_209' title='bbox 392 2634 480 2687; x_wconf 88' lang='lat' dir='ltr'><strong>ponas</strong></span> <span class='ocrx_word' id='word_1_210' title='bbox 495 2618 525 2670; x_wconf 98' lang='grc' dir='ltr'><em>Ε</em></span> <span class='ocrx_word' id='word_1_211' title='bbox 540 2620 543 2686; x_wconf 89' lang='grc' dir='ltr'>Ι</span> <span class='ocrx_word' id='word_1_212' title='bbox 560 2616 655 2671; x_wconf 88' lang='lat' dir='ltr'><strong>obruis</strong></span> <span class='ocrx_word' id='word_1_213' title='bbox 674 2635 699 2685; x_wconf 85' lang='lat' dir='ltr'><strong>a,</strong></span> <span class='ocrx_word' id='word_1_214' title='bbox 719 2617 821 2671; x_wconf 89' lang='lat' dir='ltr'><strong>obruas</strong></span> <span class='ocrx_word' id='word_1_215' title='bbox 836 2617 867 2670; x_wconf 90' lang='grc' dir='ltr'><em>Ε</em></span> <span class='ocrx_word' id='word_1_216' title='bbox 878 2619 916 2688; x_wconf 82' lang='grc' dir='ltr'><strong>1Ιὸ</strong></span> <span class='ocrx_word' id='word_1_217' title='bbox 936 2618 1012 2671; x_wconf 90' lang='lat' dir='ltr'><strong>radis</strong></span> <span class='ocrx_word' id='word_1_218' title='bbox 1030 2619 1053 2688; x_wconf 79' lang='lat' dir='ltr'><em>Q</em></span> 
     </span>
     <span class='ocr_line' id='line_1_29' title="bbox 62 2638 1074 2831; baseline -0.003 -16"><span class='ocrx_word' id='word_1_219' title='bbox 62 2638 243 2831; x_wconf 64' lang='lat' dir='ltr'><strong>iaceat.</strong></span> <span class='ocrx_word' id='word_1_220' title='bbox 256 2703 367 2814; x_wconf 61' lang='lat' dir='ltr'><strong>{aasz</strong></span> <span class='ocrx_word' id='word_1_221' title='bbox 382 2688 949 2829; x_wconf 58' lang='grc'><strong>1111111111111111</strong></span> <span class='ocrx_word' id='word_1_222' title='bbox 962 2691 1074 2831; x_wconf 62' lang='lat' dir='ltr'><strong>{cue</strong></span> 
     </span>
     <span class='ocr_line' id='line_1_30' title="bbox 63 2830 1076 2902; baseline -0.004 -16"><span class='ocrx_word' id='word_1_223' title='bbox 63 2832 153 2887; x_wconf 88' lang='lat' dir='ltr'><strong>fertur</strong></span> <span class='ocrx_word' id='word_1_224' title='bbox 171 2832 202 2885; x_wconf 92' lang='grc' dir='ltr'><em>Ε</em></span> <span class='ocrx_word' id='word_1_225' title='bbox 227 2834 237 2902; x_wconf 81' lang='grc' dir='ltr'><strong>ΙΙ</strong></span> <span class='ocrx_word' id='word_1_226' title='bbox 264 2838 279 2886; x_wconf 84' lang='grc'>9</span> <span class='ocrx_word' id='word_1_227' title='bbox 303 2831 373 2884; x_wconf 89' lang='lat' dir='ltr'><strong>haec</strong></span> <span class='ocrx_word' id='word_1_228' title='bbox 398 2830 508 2900; x_wconf 71' lang='lat' dir='ltr'><strong>seritQ</strong></span> <span class='ocrx_word' id='word_1_229' title='bbox 534 2833 543 2899; x_wconf 72' lang='lat' dir='ltr'>u</span> <span class='ocrx_word' id='word_1_230' title='bbox 571 2837 602 2883; x_wconf 92' lang='lat'><strong>11</strong></span> <span class='ocrx_word' id='word_1_231' title='bbox 629 2831 799 2900; x_wconf 89' lang='lat' dir='ltr'><strong>deponemus</strong></span> <span class='ocrx_word' id='word_1_232' title='bbox 818 2833 848 2886; x_wconf 93' lang='grc' dir='ltr'><em>Ε</em></span> <span class='ocrx_word' id='word_1_233' title='bbox 873 2834 882 2901; x_wconf 88' lang='grc' dir='ltr'><strong>ΙΙ</strong></span> <span class='ocrx_word' id='word_1_234' title='bbox 910 2838 943 2884; x_wconf 74' lang='grc'><strong>11</strong></span> <span class='ocrx_word' id='word_1_235' title='bbox 963 2830 1076 2883; x_wconf 87' lang='lat' dir='ltr'><strong>summi·</strong></span> 
     </span>
     <span class='ocr_line' id='line_1_31' title="bbox 63 2901 1051 2972; baseline -0.003 -14"><span class='ocrx_word' id='word_1_236' title='bbox 63 2902 175 2958; x_wconf 89' lang='lat' dir='ltr'><strong>tatione</strong></span> <span class='ocrx_word' id='word_1_237' title='bbox 193 2904 220 2957; x_wconf 88' lang='lat' dir='ltr'><strong><em>L</em></strong></span> <span class='ocrx_word' id='word_1_238' title='bbox 245 2907 249 2972; x_wconf 78' lang='grc'>1</span> <span class='ocrx_word' id='word_1_239' title='bbox 275 2902 405 2972; x_wconf 85' lang='lat' dir='ltr'><strong>sfongeas</strong></span> <span class='ocrx_word' id='word_1_240' title='bbox 422 2902 548 2956; x_wconf 70' lang='lat' dir='ltr'><strong>steriliter</strong></span> <span class='ocrx_word' id='word_1_241' title='bbox 566 2919 599 2955; x_wconf 85' lang='lat' dir='ltr'><strong>oc</strong></span> <span class='ocrx_word' id='word_1_242' title='bbox 616 2909 706 2970; x_wconf 79' lang='lat' dir='ltr'><strong>supra</strong></span> <span class='ocrx_word' id='word_1_243' title='bbox 724 2905 733 2972; x_wconf 79' lang='lat' dir='ltr'><strong>i</strong></span> <span class='ocrx_word' id='word_1_244' title='bbox 758 2909 790 2956; x_wconf 88' lang='lat'><strong>13</strong></span> <span class='ocrx_word' id='word_1_245' title='bbox 810 2919 860 2956; x_wconf 91' lang='lat' dir='ltr'><strong>suo</strong></span> <span class='ocrx_word' id='word_1_246' title='bbox 879 2901 1002 2956; x_wconf 88' lang='lat' dir='ltr'><strong>transitu</strong></span> <span class='ocrx_word' id='word_1_247' title='bbox 1020 2903 1051 2955; x_wconf 91' lang='grc' dir='ltr'><em>Ε</em></span> 
     </span>
     <span class='ocr_line' id='line_1_32' title="bbox 63 2972 1051 3046; baseline -0.002 -18"><span class='ocrx_word' id='word_1_248' title='bbox 63 2974 158 3045; x_wconf 85' lang='lat' dir='ltr'><strong>rigare</strong></span> <span class='ocrx_word' id='word_1_249' title='bbox 172 2990 222 3028; x_wconf 85' lang='lat' dir='ltr'><strong>om.</strong></span> <span class='ocrx_word' id='word_1_250' title='bbox 240 2974 263 3044; x_wconf 76' lang='lat' dir='ltr'><em>Q</em></span> <span class='ocrx_word' id='word_1_251' title='bbox 279 2976 283 3046; x_wconf 66' lang='lat' dir='ltr'>y</span> <span class='ocrx_word' id='word_1_252' title='bbox 299 2990 355 3027; x_wconf 89' lang='lat' dir='ltr'><strong>non</strong></span> <span class='ocrx_word' id='word_1_253' title='bbox 374 2972 460 3027; x_wconf 88' lang='lat' dir='ltr'><strong>etiam</strong></span> <span class='ocrx_word' id='word_1_254' title='bbox 474 2975 590 3042; x_wconf 87' lang='lat' dir='ltr'><strong>tangere</strong></span> <span class='ocrx_word' id='word_1_255' title='bbox 604 2972 651 3026; x_wconf 88' lang='lat' dir='ltr'><strong>uel</strong></span> <span class='ocrx_word' id='word_1_256' title='bbox 666 2972 796 3042; x_wconf 77' lang='lat' dir='ltr'><strong>sisterep</strong></span> <span class='ocrx_word' id='word_1_257' title='bbox 809 2976 818 3043; x_wconf 77' lang='lat' dir='ltr'><strong>d</strong></span> <span class='ocrx_word' id='word_1_258' title='bbox 833 2979 866 3026; x_wconf 83' lang='lat'><strong>14</strong></span> <span class='ocrx_word' id='word_1_259' title='bbox 884 2973 1007 3043; x_wconf 89' lang='lat' dir='ltr'><strong>primum</strong></span> <span class='ocrx_word' id='word_1_260' title='bbox 1021 2973 1051 3025; x_wconf 97' lang='grc' dir='ltr'><em>Ε</em></span> 
     </span>
     <span class='ocr_line' id='line_1_33' title="bbox 63 3044 1077 3116; baseline -0.002 -18"><span class='ocrx_word' id='word_1_261' title='bbox 63 3044 216 3116; x_wconf 88' lang='lat' dir='ltr'><strong>protulerit</strong></span> <span class='ocrx_word' id='word_1_262' title='bbox 240 3046 266 3100; x_wconf 80' lang='lat' dir='ltr'><em>G</em></span> <span class='ocrx_word' id='word_1_263' title='bbox 293 3047 302 3113; x_wconf 87' lang='grc' dir='ltr'><strong>ΙΙ</strong></span> <span class='ocrx_word' id='word_1_264' title='bbox 330 3050 364 3098; x_wconf 90' lang='grc'><strong>16</strong></span> <span class='ocrx_word' id='word_1_265' title='bbox 392 3044 536 3113; x_wconf 87' lang='lat' dir='ltr'><strong>sfongeam</strong></span> <span class='ocrx_word' id='word_1_266' title='bbox 563 3051 595 3098; x_wconf 79' lang='lat' dir='ltr'><strong>ct</strong></span> <span class='ocrx_word' id='word_1_267' title='bbox 621 3061 707 3112; x_wconf 76' lang='lat' dir='ltr'><strong>supro</strong></span> <span class='ocrx_word' id='word_1_268' title='bbox 737 3046 740 3115; x_wconf 72' lang='lat' dir='ltr'><strong>t</strong></span> <span class='ocrx_word' id='word_1_269' title='bbox 771 3044 918 3098; x_wconf 90' lang='lat' dir='ltr'><strong>euellenda</strong></span> <span class='ocrx_word' id='word_1_270' title='bbox 941 3045 972 3098; x_wconf 88' lang='lat' dir='ltr'><em>E</em></span> <span class='ocrx_word' id='word_1_271' title='bbox 1000 3046 1003 3113; x_wconf 82' lang='grc' dir='ltr'>Ι</span> <span class='ocrx_word' id='word_1_272' title='bbox 1034 3045 1077 3097; x_wconf 88' lang='lat' dir='ltr'><strong>est</strong></span> 
     </span>
     <span class='ocr_line' id='line_1_34' title="bbox 64 3115 1077 3186; baseline -0.004 -14"><span class='ocrx_word' id='word_1_273' title='bbox 64 3118 159 3172; x_wconf 66' lang='grc'>(11116</span> <span class='ocrx_word' id='word_1_274' title='bbox 186 3119 196 3186; x_wconf 77' lang='grc' dir='ltr'><strong>ΙΙ</strong></span> <span class='ocrx_word' id='word_1_275' title='bbox 224 3122 256 3170; x_wconf 78' lang='lat'><strong>17</strong></span> <span class='ocrx_word' id='word_1_276' title='bbox 281 3131 348 3170; x_wconf 86' lang='lat' dir='ltr'><strong>suae</strong></span> <span class='ocrx_word' id='word_1_277' title='bbox 363 3133 416 3184; x_wconf 77' lang='lat' dir='ltr'><strong>pro</strong></span> <span class='ocrx_word' id='word_1_278' title='bbox 434 3115 523 3185; x_wconf 87' lang='lat' dir='ltr'><strong>ipsius</strong></span> <span class='ocrx_word' id='word_1_279' title='bbox 542 3116 652 3184; x_wconf 69' lang='lat' dir='ltr'><strong>Eurus</strong></span> <span class='ocrx_word' id='word_1_280' title='bbox 674 3117 682 3184; x_wconf 92' lang='grc' dir='ltr'><strong>ΙΙ</strong></span> <span class='ocrx_word' id='word_1_281' title='bbox 707 3120 739 3169; x_wconf 89' lang='grc'><strong>18</strong></span> <span class='ocrx_word' id='word_1_282' title='bbox 758 3115 910 3185; x_wconf 86' lang='lat' dir='ltr'><strong>restringas</strong></span> <span class='ocrx_word' id='word_1_283' title='bbox 929 3116 959 3168; x_wconf 93' lang='grc' dir='ltr'><em>Ε</em></span> <span class='ocrx_word' id='word_1_284' title='bbox 983 3117 987 3185; x_wconf 90' lang='grc' dir='ltr'>Ι</span> <span class='ocrx_word' id='word_1_285' title='bbox 1013 3131 1077 3168; x_wconf 91' lang='lat' dir='ltr'><strong>con—</strong></span> 
     </span>
     <span class='ocr_line' id='line_1_35' title="bbox 65 3186 1076 3257; baseline -0.001 -15"><span class='ocrx_word' id='word_1_286' title='bbox 65 3190 219 3243; x_wconf 81' lang='lat' dir='ltr'><strong>sueuerant</strong></span> <span class='ocrx_word' id='word_1_287' title='bbox 237 3188 396 3257; x_wconf 74' lang='lat' dir='ltr'><strong>EGc&#39;acps</strong></span> <span class='ocrx_word' id='word_1_288' title='bbox 418 3190 427 3256; x_wconf 70' lang='lat' dir='ltr'><strong>t!</strong></span> <span class='ocrx_word' id='word_1_289' title='bbox 452 3193 484 3240; x_wconf 88' lang='lat'><strong>19</strong></span> <span class='ocrx_word' id='word_1_290' title='bbox 504 3186 673 3240; x_wconf 89' lang='lat' dir='ltr'><strong>clauduntur</strong></span> <span class='ocrx_word' id='word_1_291' title='bbox 691 3188 702 3239; x_wconf 80' lang='lat' dir='ltr'><strong>i</strong></span> <span class='ocrx_word' id='word_1_292' title='bbox 727 3190 730 3255; x_wconf 86' lang='grc' dir='ltr'>Ι</span> <span class='ocrx_word' id='word_1_293' title='bbox 755 3187 1076 3241; x_wconf 85' lang='lat' dir='ltr'><strong>ministrabunt—vere:</strong></span> 
     </span>
     <span class='ocr_line' id='line_1_36' title="bbox 65 3257 1076 3348; baseline -0.003 -33"><span class='ocrx_word' id='word_1_294' title='bbox 65 3263 95 3315; x_wconf 89' lang='lat' dir='ltr'><strong>et</strong></span> <span class='ocrx_word' id='word_1_295' title='bbox 113 3275 164 3340; x_wconf 66' lang='lat' dir='ltr'><strong>occ¹</strong></span> <span class='ocrx_word' id='word_1_296' title='bbox 176 3276 206 3328; x_wconf 78' lang='lat' dir='ltr'><strong>p,</strong></span> <span class='ocrx_word' id='word_1_297' title='bbox 225 3260 289 3312; x_wconf 76' lang='lat' dir='ltr'><strong>ioci.</strong></span> <span class='ocrx_word' id='word_1_298' title='bbox 303 3261 338 3329; x_wconf 71' lang='lat' dir='ltr'><strong>pl</strong></span> <span class='ocrx_word' id='word_1_299' title='bbox 358 3264 392 3311; x_wconf 79' lang='lat'><strong>20</strong></span> <span class='ocrx_word' id='word_1_300' title='bbox 411 3257 536 3312; x_wconf 88' lang='lat' dir='ltr'><strong>seruabis</strong></span> <span class='ocrx_word' id='word_1_301' title='bbox 554 3257 775 3348; x_wconf 45' lang='lat' dir='ltr'><strong>G‚,Reseruabis</strong></span> <span class='ocrx_word' id='word_1_302' title='bbox 795 3261 889 3339; x_wconf 84' lang='lat' dir='ltr'><strong>antem</strong></span> <span class='ocrx_word' id='word_1_303' title='bbox 902 3258 933 3311; x_wconf 93' lang='grc' dir='ltr'><em>Ε</em></span> <span class='ocrx_word' id='word_1_304' title='bbox 945 3258 1003 3338; x_wconf 27' lang='lat' dir='ltr'><strong>{lude</strong></span> <span class='ocrx_word' id='word_1_305' title='bbox 1021 3275 1076 3339; x_wconf 83' lang='lat' dir='ltr'><strong>quc</strong></span> 
     </span>
     <span class='ocr_line' id='line_1_37' title="bbox 65 3329 1089 3473; baseline -0.007 -17"><span class='ocrx_word' id='word_1_306' title='bbox 65 3332 317 3472; x_wconf 59' lang='lat' dir='ltr'><strong>aetnae„</strong></span> <span class='ocrx_word' id='word_1_307' title='bbox 331 3407 365 3454; x_wconf 74' lang='lat'><strong>22</strong></span> <span class='ocrx_word' id='word_1_308' title='bbox 379 3332 549 3472; x_wconf 51' lang='lat' dir='ltr'><strong>bitettat</strong></span> <span class='ocrx_word' id='word_1_309' title='bbox 562 3329 1089 3473; x_wconf 55' lang='lat' dir='ltr'><strong>discursantes-{ts</strong></span> 
     </span>
     <span class='ocr_line' id='line_1_38' title="bbox 62 3464 1114 3551; baseline -0.001 -28"><span class='ocrx_word' id='word_1_310' title='bbox 62 3478 92 3540; x_wconf 87' lang='lat' dir='ltr'><strong>(u</strong></span> <span class='ocrx_word' id='word_1_311' title='bbox 100 3475 203 3540; x_wconf 76' lang='lat' dir='ltr'><strong>supra),</strong></span> <span class='ocrx_word' id='word_1_312' title='bbox 215 3472 342 3542; x_wconf 83' lang='lat' dir='ltr'><strong>spongiis</strong></span> <span class='ocrx_word' id='word_1_313' title='bbox 352 3473 411 3529; x_wconf 83' lang='lat' dir='ltr'><strong>edd.</strong></span> <span class='ocrx_word' id='word_1_314' title='bbox 423 3473 477 3546; x_wconf 67' lang='lat'><strong>1123</strong></span> <span class='ocrx_word' id='word_1_315' title='bbox 490 3473 569 3548; x_wconf 89' lang='lat' dir='ltr'><strong>apris</strong></span> <span class='ocrx_word' id='word_1_316' title='bbox 577 3475 697 3551; x_wconf 63' lang='lat' dir='ltr'><strong>Pnups</strong></span> <span class='ocrx_word' id='word_1_317' title='bbox 706 3473 893 3547; x_wconf 70' lang='lat' dir='ltr'><strong>inpressione</strong></span> <span class='ocrx_word' id='word_1_318' title='bbox 901 3464 1114 3532; x_wconf 55' lang='lat' dir='ltr'><strong>contammata</strong></span> 
     </span>
    </p>
   </div>
   <div class='ocr_carea' id='block_1_4' title="bbox 0 0 1206 3832">
    <p class='ocr_par' dir='ltr' id='par_1_4' title="bbox 0 0 1206 3832">
     <span class='ocr_line' id='line_1_39' title="bbox 0 0 1206 3832; baseline 0 0"><span class='ocrx_word' id='word_1_319' title='bbox 0 0 1206 3832; x_wconf 95' lang='lat' dir='ltr'><strong> </strong></span> 
     </span>
    </p>
   </div>
  </div>
 </body>
</html>
