2378 3832
51 130 92 184 VI
454 132 659 187 PRAEFATIO

55 285 201 362 servatur,
223 283 365 342 lectiones
389 283 426 342 ab
449 284 472 343 Ι,
491 285 524 342 F.
543 284 664 343 Herelio
688 287 841 360 excerptas
855 285 891 343 Α.
905 285 1067 343 Emestius

53 371 85 432 in
113 372 242 431 secunda
270 372 393 432 Gesneri
424 373 553 432 editione
585 365 728 432 addidit.l
772 372 799 432 is
827 374 917 432 codex
944 373 1063 432 charta-

53 480 131 539 ceus,
166 461 279 520 saeculi
305 461 389 539 XIV,
421 462 562 520 foliorum
591 463 667 540 195,
700 481 840 523 versuum
870 465 910 522 32
943 465 1068 538 praeter.

53 549 225 610 Palladium
248 550 383 610 continet
405 550 533 611 Senecae
544 541 598 631 (l)
621 551 731 610 librum
749 551 785 610 de
805 553 950 627 quattuor
967 551 1064 610 virtu·

54 638 136 698 tibus
159 638 369 717 cardinalibus
392 639 518 699 Honorii
542 638 775 718 Cosmographia
799 640 939 717 imaginis
957 639 1064 698 mundi

54 727 175 804 aliaque
194 728 301 786 multa.
339 746 372 788 ao
386 727 516 787 Palladii
531 746 606 804 opus
624 728 737 806 legitur
753 729 785 786 in
803 729 884 789 foliis
899 731 1064 789 92-166.

53 817 133 876 hunc
162 813 331 876 codicem
323 836 385 893 ipsc
417 817 568 876 mensibus
601 817 701 896 aprili,
733 817 825 895 maio,
858 818 953 895 iunio,
985 817 1065 878 iulio

56 906 128 965 anni
153 908 237 966 1889
260 905 450 983 Wirceburgi
472 906 594 966 contuli

119 995 357 1055 Vindobonensis
371 995 499 1072 denique
514 995 612 1073 codex,
631 995 741 1072 dequo
757 980 951 1056 Schneidcrus
969 995 1064 1055 disse-

52 1076 124 1162 rit²,
161 1087 207 1144 est
237 1084 328 1163 idem,
362 1104 450 1161 quem
479 1077 694 1144 Endlicherus⁸
725 1085 780 1144 sub
812 1103 934 1144 numero
964 1083 1065 1143 cvm

53 1132 168 1249 profert
194 1193 288 1233 manu
314 1174 472 1252 scriptum,
504 1173 706 1252 chartaceum,
740 1174 851 1233 saeculi
874 1173 940 1250 XV,
972 1174 1063 1233 folio·

51 1281 121 1321 rum
149 1265 226 1341 205,
262 1264 376 1322 formae
411 1282 505 1339 paene
539 1263 711 1339 quadratae.
760 1262 786 1322 is
817 1263 850 1320 in
882 1262 1066 1321 bibliotheca

53 1352 153 1412 aulica
175 1351 369 1412 Vindobonae
398 1352 452 1411 sub
480 1371 603 1411 numero
628 1353 713 1411 3198
738 1352 921 1412 adservatur.
966 1351 1066 1410 conti-

53 1443 106 1500 net
134 1440 250 1499 diversa
283 1441 461 1516 scriptorum
488 1440 666 1500 Latinorum
697 1443 849 1518 poemata,
881 1442 915 1498 ut
939 1438 1066 1518 Catulli,

52 1529 196 1606 Petronii,
220 1528 341 1606 Tibulli,
365 1527 473 1606 Ovidii,
496 1529 660 1606 Lactantii,
683 1529 855 1607 Fortunati,
877 1529 1067 1607 Hieronymi,

56 1615 233 1695 Claudiani,
269 1617 437 1693 Marsupini
468 1617 670 1695 aliorumque,
706 1617 739 1674 in
775 1618 884 1694 quibus
920 1618 974 1676 sub
1007 1637 1066 1676 nu·

54 1705 221 1766 meroXIX
244 1725 263 1764 a
285 1706 359 1766 folio
380 1708 442 1766 183
467 1706 505 1764 ad
526 1708 587 1765 186
611 1706 773 1765 Palladii
795 1707 928 1765 Rutilii
952 1707 1067 1765 Tauri

56 1796 98 1854 dc
116 1795 296 1855 Insitione
314 1795 421 1854 Liber
439 1795 559 1872 legitur.
585 1795 665 1854 hunc
679 1794 741 1870 ipse
755 1795 948 1856 Vindobonae
962 1814 1068 1854 mense

57 1884 166 1943 martio
186 1885 357 1943 anni1875
377 1883 499 1943 contuli.
532 1883 641 1943 desunt
658 1884 783 1962 triginta
802 1887 947 1960 quattuor
960 1902 1069 1944 versus

55 1973 170 2050 priores
189 1992 257 2032 cum
276 1972 403 2049 epistola
420 1972 550 2031 Palladii
569 1972 607 2032 ad
624 1972 812 2048 Pasiphilum
832 1973 957 2033 carmini
978 1991 1068 2049 prae-

54 2081 154 2122 missa.

121 2153 168 2211 Ex
189 2150 236 2211 his
256 2151 352 2229 igitur
369 2149 528 2227 codicibus,
552 2168 680 2225 quorum
703 2170 762 2210 non
785 2149 829 2208 ita
846 2169 990 2228 magnum
1008 2170 1069 2209 nu·

54 2260 171 2301 mamm
202 2241 263 2300 iam
291 2239 451 2318 cerneris,
485 2257 585 2299 omnes
616 2238 678 2298 fere
711 2239 906 2298 Schneiderus
938 2259 1066 2299 comme-

55 2330 192 2406 moravit,
215 2329 339 2405 plurimi
362 2332 417 2388 aut
439 2328 526 2405 parvi
548 2330 603 2386 aut
625 2328 748 2386 mollius
771 2330 842 2387 sunt
863 2327 1007 2387 momenti
1026 2329 1069 2388 ad

54 2418 204 2477 rationem
231 2417 377 2494 criticam,
406 2417 479 2494 quia
505 2419 612 2476 horum
638 2417 780 2476 lectiones
807 2419 861 2475 aut
889 2417 1009 2475 minime
1033 2417 1067 2475 in

57 2506 190 2565 medium
207 2506 342 2582 prolatae
362 2509 441 2583 sunt,
464 2508 500 2564 ut
523 2505 656 2565 codicum
674 2505 794 2583 Wassii,
812 2506 1068 2584 Vratislaviensis,

57 2596 117 2655 Iac.
141 2594 296 2672 Gronovii,
329 2597 384 2653 aut
416 2615 434 2653 a
465 2594 642 2654 coniecturis
670 2595 817 2654 editomm
849 2594 976 2654 discerni
1005 2615 1066 2654 non

59 2685 194 2762 possunt,
216 2687 254 2743 ut
270 2683 409 2743 editionis
426 2682 630 2760 Iensonianae,
652 2683 857 2760 Louaniensis,
882 2682 1068 2743 Coloniensis

60 2767 210 2852 (codicum
231 2765 348 2853 Ulitii),
378 2771 641 2849 Commelinianae,
668 2772 812 2832 versionis
839 2772 989 2849 Bastiani,
1018 2791 1068 2831 co-

59 2863 160 2922 dicum
186 2861 378 2921 Pontederae.
424 2859 543 2919 Barthii
575 2863 677 2920 autem
703 2860 791 2920 fidem
819 2861 891 2919 satis
921 2861 1067 2919 incertam

58 2970 120 3012 esse
143 2952 222 3010 inter
245 2970 346 3011 omnes
369 2951 471 3010 doctos
494 2950 620 3008 constat.
667 2951 699 3007 at
726 2948 834 3009 codicis
857 2949 1070 3027 Lugdunensis

58 3041 200 3101 lectiones
232 3059 292 3099 non
324 3038 410 3114 parvi
443 3037 644 3098 aestimandas
676 3055 738 3096 csse
770 3039 831 3096 iam
859 3059 894 3097 ex
921 3056 1068 3097 consensu

59 3130 82 3188 Ι.
105 3130 138 3189 F.
163 3127 307 3190 Gronovii
330 3129 361 3187 et
382 3126 541 3204 Perizonii,
565 3127 618 3202 qui
639 3126 719 3185 hunc
741 3127 852 3185 librum
876 3128 1070 3187 contulerunt

133 3357 147 3404 1
176 3349 292 3405 Gesncri
316 3349 403 3420 praef.
422 3349 511 3416 XXX,
538 3347 701 3403 Schneidcri
725 3350 791 3402 tom.
810 3348 850 3402 III
873 3348 969 3429 praef.
980 3349 1012 3403 X.
1033 3381 1068 3390 -

61 3421 174 3477 2Tom
192 3422 231 3473 HI
248 3423 335 3491 praef.
350 3420 461 3474 XV.-
482 3418 616 3474 3Gatalo
636 3417 817 3473 usCodicum
834 3419 1069 3490 philologicorum

53 3493 222 3545 bannorum
240 3491 437 3547 Bibliothecae
455 3490 604 3546 Palatinae
617 3437 859 3558 inconcinnus,
875 3496 955 3543 iaco
