2378 3832
370 139 374 148 ’
457 177 572 234 Aemo.
588 178 687 233 un10
1012 180 1073 244 131

63 345 173 407 aquae
198 324 340 406 tepentis
362 323 475 388 utaris.
519 324 606 388 natis
629 324 829 409 germinibus
854 346 980 409 semper
1001 347 1075 409 pro·
1088 327 1126 390 12

62 413 156 476 xima
178 411 280 476 herba
303 416 464 477 runoetur.
501 415 611 494 potest
631 411 707 477 hinc
725 412 823 477 trima
839 415 952 497 planta
970 418 1074 478 trans-

62 501 154 566 ferri.
201 501 230 565 si
257 523 383 565 ramum
411 500 492 565 uelis
520 523 652 585 ponere,
681 523 747 565 non
782 504 921 586 amplius
953 501 1074 586 sesqui·

64 591 183 674 pedem
215 590 347 655 debebis
377 589 571 675 inmergere,
601 613 642 654 ne
669 594 843 674 putrescat.
890 593 982 656 claua
1010 593 1074 656 seri

38 677 269 744 scommodius
294 683 354 764 est,
377 701 459 762 quae
482 679 526 744 sit
543 679 706 743 manubrii
725 680 947 763 crassitudine,
970 681 1073 766 longi-

67 768 181 831 tudine
209 766 358 851 cubitali,
385 763 426 832 ex
453 770 590 851 utraque
617 772 709 851 parte
737 769 895 854 leuigata,
921 769 1015 833 nodis
1040 775 1072 834 et

66 856 189 920 aculeis
207 856 329 939 recisis,
352 858 409 921 sed
431 856 562 941 integra
580 857 769 920 summitate
788 878 999 942 gemmarum,
1016 880 1074 943 per

66 967 148 1029 quas
167 966 241 1028 spes
260 945 364 1010 futuri
382 945 537 1029 germinis
556 945 760 1010 intumescat.
797 946 1020 1030 diligentiores
1040 952 1074 1011 et
1086 949 1126 1012 13

65 1035 144 1098 fimo
177 1033 300 1098 bubulo
328 1033 476 1098 adlinunt
503 1034 680 1117 utrimque,
713 1035 799 1118 quod
829 1056 991 1098 summum
1015 1040 1073 1113 est,

27 1148 53 1188 ro
66 1123 119 1186 uel
155 1122 281 1187 marina
307 1122 382 1208 alga
409 1122 555 1187 uestiunt
582 1123 634 1186 uel
662 1123 779 1207 argilla
807 1124 943 1188 subacta
968 1124 1072 1206 partis

65 1210 237 1294 utriusque
266 1214 409 1276 extrema
436 1212 626 1295 cooperiunt
653 1215 749 1294 atque
777 1213 823 1276 ita
850 1212 885 1276 in
907 1212 1072 1295 pastinato

67 1301 137 1365 solo
153 1301 326 1384 deponunt.
356 1299 443 1364 talea
457 1304 490 1364 et
504 1300 657 1384 gracilior
672 1304 705 1363 et
718 1301 849 1365 breuior
864 1322 934 1364 esse
947 1305 1072 1384 potest:

66 1411 149 1472 quae
177 1387 327 1453 similiter
354 1393 391 1453 ut
419 1389 513 1453 claua
540 1392 713 1473 mergetur.
760 1391 815 1454 sed
843 1389 929 1453 talea
953 1389 1072 1472 palmis

65 1477 192 1541 duobus
217 1477 369 1560 supersit:
393 1477 486 1542 claua
510 1477 614 1541 omnis
634 1477 790 1542 obruitur.
828 1476 862 1541 in
880 1480 987 1561 spatio
1006 1501 1072 1543 non

28 1591 51 1633 11
65 1566 229 1631 desiderat
246 1566 419 1630 interualla
438 1566 569 1630 maiora.
607 1565 679 1630 aliis
702 1567 873 1631 arboribus
892 1590 957 1632 non
976 1567 1071 1632 debet

66 1655 203 1720 adnecti.
234 1654 345 1719 calidis
364 1654 453 1737 locis,
473 1656 528 1719 scd
543 1656 682 1741 inriguis
697 1661 731 1720 et
745 1657 918 1721 maritimis
934 1657 1071 1721 maxime
1083 1659 1125 1722 14

64 1744 195 1828 gaudet,
219 1743 337 1827 quibus
359 1765 454 1808 umor
477 1746 626 1809 exundat.
666 1745 721 1809 sed
740 1745 768 1809 si
787 1745 940 1830 quiahoc
959 1767 1070 1831 genus,

64 1837 102 1897 ut
129 1833 164 1895 in
190 1831 321 1918 regione
348 1832 468 1918 frigida
495 1833 672 1915 nutriatur,
702 1839 888 1918 extorquet,
918 1836 989 1900 loco
1017 1835 1071 1899 uel

63 1920 245 2005 parietibus
277 1921 403 1985 munito
430 1921 483 1986 uel
510 1921 545 1986 in
573 1922 784 1986 meridianam
814 1927 942 2006 partem
974 1945 1069 1987 uerso

24 2035 49 2075 ro
63 2009 216 2093 disponat
234 2010 319 2074 hanc
338 2010 495 2075 arborem.
529 2011 584 2075 sed
602 2009 747 2075 bibernis
767 2012 932 2076 mensibus
948 2015 1070 2076 tectum

62 2098 220 2162 stramine
238 2099 325 2164 uolet
344 2099 479 2184 agresti:
498 2100 554 2164 ubi
575 2104 682 2164 aestas
698 2099 872 2182 refulserit,
891 2101 957 2164 aeri
972 2101 1070 2164 arbor

61 2185 148 2252 nuda
175 2191 209 2251 et
236 2209 350 2253 secura
376 2188 537 2254 reddatur.
583 2189 668 2252 talea
692 2187 761 2252 siue
785 2188 877 2253 claua
901 2189 969 2252 eius
993 2189 1067 2252 eali·
1082 2188 1122 2254 15

61 2276 204 2341 dissimis
232 2277 420 2361 regionibus
450 2281 483 2341 et
511 2299 570 2361 per
593 2280 783 2340 autumnum
806 2275 950 2360 ponitur:
980 2275 1070 2362 frigi·

64 2365 207 2430 dissimis
236 2365 315 2429 iulio
344 2368 377 2429 et
405 2371 543 2452 augusto
571 2365 695 2449 positas
724 2369 757 2429 et
785 2365 956 2430 cotidianis
986 2365 1070 2451 riga-

24 2452 207 2519 artioribus
244 2453 402 2519 animatas
437 2454 508 2539 ipse
544 2475 646 2537 usque
683 2454 723 2517 ad
756 2475 852 2539 poma
884 2457 917 2519 et
949 2476 1069 2541 magna

61 2542 262 2607 incrementa
279 2543 422 2626 perduxi.
458 2544 593 2608 citreum
613 2543 719 2607 iuuari
738 2544 888 2628 creditur,
911 2544 939 2608 si
959 2566 1070 2610 aucur-

60 2631 150 2696 bitae
173 2630 290 2696 uicinis
314 2631 394 2696 locis
418 2636 580 2696 serantur:
604 2653 741 2716 quarum
764 2632 849 2697 uites
873 2634 971 2697 etiam
995 2656 1069 2698 con·

60 2720 176 2784 bustae
190 2720 305 2784 utilem
320 2719 395 2786 citri
409 2719 580 2785 arboribus
591 2721 731 2785 cinerem
740 2721 906 2804 praebent.
925 2723 1068 2807 gaudent

59 2807 195 2873 adsidua
217 2806 367 2874 fossione.
406 2809 482 2873 hinc
504 2810 701 2893 proueniunt
719 2831 817 2893 poma
834 2809 966 2875 maiora.
1003 2810 1067 2874 nisi
1081 2811 1120 2876 16

23 2919 142 2980 aequae
165 2896 257 2961 arida
279 2903 364 2981 sunt,
386 2897 551 2962 rarissime
572 2898 725 2963 debemus
745 2897 919 2963 abscidere.
956 2897 1067 2963 inseri·

130 3112 145 3159 1
165 3105 430 3160 natis-transferri
448 3123 532 3176 ouap
553 3110 562 3176 11
586 3113 601 3159 2
620 3107 715 3176 palma
733 3108 763 3160 Ε
784 3111 793 3178 ss
817 3113 832 3160 3
851 3061 936 3174 quam
955 3106 1066 3175 sexqui-

56 3177 159 3247 pedem
185 3178 227 3246 E,
251 3177 431 3247 sequipedem
449 3178 484 3246 F,
510 3178 675 3247 sesquipede
698 3195 775 3248 ceps
798 3181 807 3247 ΙΙ
829 3183 847 3230 4
867 3178 1039 3247 mergeret}

57 3248 113 3373 peri
131 3248 415 3373 pptestEcompnodppis
426 3249 498 3373 21εῂ11
508 3254 538 3374 ἓ
547 3249 579 3302 fit
593 3248 748 3373 lGSItl'l
762 3248 894 3374 otlegiga
908 3249 1041 3374 1}ng

58 3396 92 3444 13
101 3334 198 3460 {tit
215 3391 246 3445 11
257 3322 315 3460 1111
334 3336 509 3445 11111111
528 3323 579 3461 rt
594 3326 634 3444 23
645 3336 842 3461 tilestuna]
860 3336 991 3445 detti
1008 3392 1039 3444 11

56 3460 106 3515 ubi
126 3463 221 3515 autem
238 3463 269 3517 Ε
280 3463 290 3532 ΙΙ
304 3467 337 3514 22
356 3461 443 3532 glaba
460 3463 491 3518 E
502 3464 512 3534 tt
526 3468 561 3517 24
578 3461 743 3535 regionibus
763 3463 862 3534 111121
877 3463 1005 3532 perduoi
1015 3463 1046 3514 Er

55 3531 250 3586 circumluuari
262 3533 297 3588 Ε
304 3535 318 3606 ΙΙ
330 3539 365 3590 27
383 3539 527 3608 quantum
541 3537 569 3596 Ε
581 3538 645 3611 1121
661 3533 764 3594 aubert
776 3535 879 3606 (111111
893 3531 1071 3589 obserabo-xe
1081 3541 1099 3576 s

912 3621 949 3664 ῳ
