2378 3832
115 110 159 174 72
535 96 706 162 PALLADE

49 331 52 341 ¹
129 255 274 320 XXVIII
305 254 356 319 Dc
379 255 447 319 uite
471 254 623 320 theriaca.

115 342 277 410 XXVIIII
305 342 355 408 De
379 365 443 408 uua
467 342 535 407 sine
559 343 678 428 granis.

182 431 276 498 XXX
307 432 356 497 De
379 432 448 496 uite
471 432 569 496 nimis
593 432 773 497 lacrimosa.

166 520 277 586 XXXI
308 520 455 606 Myrtitis
479 520 544 585 alia
567 521 726 586 confectio
751 521 928 586 secundnm
952 519 1131 586 Graecos.

152 608 276 674 XXXII
308 609 355 675 Vt
377 613 572 694 propomato
595 614 710 693 sponte
733 613 917 675 nascuntur.

133 698 277 764 XXXIII
309 698 357 764 Vt
379 699 457 762 uitis
480 698 657 782 botryones
681 699 790 763 uarios
813 700 907 763 ferat.

117 786 279 853 XXXIIII
309 786 358 851 De
381 786 480 852 horis.
633 813 636 819 ·

544 1055 703 1064 u*—

180 1357 241 1422 ΒΕ
267 1354 424 1421 PRATIS
450 1353 702 1420 SERVANDIS
726 1355 782 1420 ΕΤ
805 1353 1072 1421 LAETAMINII

483 1460 773 1528 SATVRANDIS.

104 1587 120 1652 Ι
190 1588 263 1653 Hoc
286 1607 395 1650 mense
419 1585 500 1650 locis
524 1587 715 1670 temperatis
733 1591 829 1670 prete
847 1586 1005 1671 incipient
1026 1592 1141 1653 custo‘
1158 1587 1183 1634 ¹⁰

123 1677 199 1755 diri,
234 1697 315 1760 quae
347 1673 450 1758 prius,
483 1675 512 1738 si
545 1697 652 1740 macra
684 1680 774 1760 sunt,
811 1697 924 1760 sparso
956 1675 1138 1742 laetamine

124 1771 321 1846 saturentur,
340 1764 426 1847 quod
445 1764 624 1828 eiciendum
644 1770 694 1830 est
712 1764 790 1830 luna
804 1768 976 1830 crescente.
1011 1770 1135 1850 quanto

122 1854 283 1920 recentius
306 1852 418 1934 fuerit,
447 1857 540 1916 tanto
564 1852 637 1936 plus
659 1854 841 1918 nutriendIs
864 1851 975 1918 herbis
999 1855 1136 1938 ualebit,

124 1945 210 2029 quod
238 1967 258 2009 e
285 1942 443 2026 superiori
470 1945 563 2024 parte
592 1942 759 2027 fundatur,
787 1949 825 2007 ut
852 1964 949 2008 sucus
977 1943 1048 2009 eius
1076 1965 1133 2029 per

123 2039 231 2100 toturn
253 2031 358 2117 possit
382 2029 477 2095 elabi.
1144 2048 1161 2092 1⁵

283 2263 342 2328 DE
366 2260 721 2329 PROSOINDENDIS
746 2259 970 2329 OOLLIBVS.

92 2390 127 2455 Π
194 2388 289 2453 Locis
321 2387 439 2471 tepidis
468 2391 525 2451 aut
552 2387 581 2450 si
613 2390 740 2469 tempus
773 2386 913 2452 clemens
946 2392 980 2452 et
1014 2389 1134 2456 siccum

126 2477 240 2559 fuerit,
263 2475 361 2541 colles
384 2476 522 2561 pingues
545 2475 597 2539 uel
621 2476 684 2540 hoc
706 2497 816 2540 mense
839 2476 1021 2560 proscinde.

341 2705 402 2770 Du
427 2702 616 2770 SATIONE
639 2704 922 2772 TRIMENSTRI.

75 2834 125 2899 III
192 2831 265 2896 Hoc
289 2851 400 2894 mense
423 2829 594 2893 serendum
617 2851 711 2894 omne
735 2829 973 2895 trimenstrium
996 2853 1110 2918 genus.
1148 2855 1169 2897 ro

201 3042 276 3097 lDe
290 3039 412 3095 thiriaca
424 3038 484 3092 uite
498 3039 535 3104 E,
554 3039 683 3107 thyriaco
696 3040 731 3094 iu
743 3042 783 3121 [14
802 3039 962 3109 D(rasura)
978 3040 1088 3097 mirteti
1101 3042 1138 3112 E,

128 3114 178 3169 DE
196 3112 327 3183 Myrtinis
346 3114 365 3178 τ’,
384 3111 425 3164 De
442 3109 567 3179 myrtitis
586 3128 604 3163 a
617 3113 656 3181 116
675 3111 819 3165 botnones
838 3113 914 3166 codd.
935 3112 945 3181 ΙΙ
969 3117 984 3165 't
1003 3112 1138 3168 MENSIS

128 3183 340 3240 FEBRVARIV
342 3183 359 3236 S
383 3183 491 3236 addunt
513 3182 616 3236 codices
638 3189 663 3237 ct
685 3183 708 3248 i,
738 3182 772 3235 de
799 3199 894 3237 mense
921 3182 1065 3239 februario
1083 3183 1139 3309 Elp

130 3264 165 3311 10
178 3255 331 3310 Februario
345 3269 439 3307 mense
453 3270 492 3307 uc
517 3255 600 3321 ⁸I14
620 3252 760 3322 superiore
777 3253 803 3308 G
819 3257 823 3323 Ι
838 3253 1027 3324 fundeturofl
1043 3255 1115 3310 161)

131 3326 286 3381 SATIONE
315 3323 476 3378 TRIMENS
563 3324 589 3378 G
615 3326 625 3394 ΙΙ
657 3330 689 3377 17
718 3323 840 3379 clemens
870 3328 983 3394 tempus
1009 3327 1105 3397 iacps
1129 3325 1140 3398 ΙΙ

132 3404 165 3452 18
185 3398 230 3450 uel
248 3414 298 3452 om.
314 3399 358 3465 pu
374 3401 405 3449 19
424 3394 850 3449 DESERENDALENTIOULA
868 3397 916 3466 Gn
931 3402 965 3450 20
982 3395 1046 3451 triti
1063 3414 1140 3452 men·

125 3469 227 3523 striurn
244 3470 284 3536 L,
305 3466 445 3522 trimestre
462 3467 494 3521 Ε
