<?xml version="1.0" encoding="UTF-8"?>
<!DOCTYPE html PUBLIC "-//W3C//DTD XHTML 1.0 Transitional//EN"
    "http://www.w3.org/TR/xhtml1/DTD/xhtml1-transitional.dtd">
<html xmlns="http://www.w3.org/1999/xhtml" xml:lang="en" lang="en">
 <head>
  <title>
</title>
<meta http-equiv="Content-Type" content="text/html;charset=utf-8" />
  <meta name='ocr-system' content='tesseract 3.04.00' />
  <meta name='ocr-capabilities' content='ocr_page ocr_carea ocr_par ocr_line ocrx_word'/>
</head>
<body>
  <div class='ocr_page' id='page_1' title='image "./palladiirutilii00pallgoog_0263.png"; bbox 0 0 2378 3832; ppageno 0'>
   <div class='ocr_carea' id='block_1_1' title="bbox 99 176 685 239">
    <p class='ocr_par' dir='ltr' id='par_1_1' title="bbox 99 176 685 239">
     <span class='ocr_line' id='line_1_1' title="bbox 99 176 685 239; baseline -0.012 0"><span class='ocrx_word' id='word_1_1' title='bbox 99 176 164 239; x_wconf 76' lang='grc'>244</span> <span class='ocrx_word' id='word_1_2' title='bbox 515 177 685 232; x_wconf 79' lang='lat' dir='ltr'>PALLADE</span> 
     </span>
    </p>
   </div>
   <div class='ocr_carea' id='block_1_2' title="bbox 99 321 1111 495">
    <p class='ocr_par' dir='ltr' id='par_1_2' title="bbox 99 321 1111 495">
     <span class='ocr_line' id='line_1_2' title="bbox 99 321 1111 408; baseline 0.006 -24"><span class='ocrx_word' id='word_1_3' title='bbox 99 326 132 385; x_wconf 90' lang='lat' dir='ltr'>et</span> <span class='ocrx_word' id='word_1_4' title='bbox 154 343 252 387; x_wconf 89' lang='lat' dir='ltr'>nuces</span> <span class='ocrx_word' id='word_1_5' title='bbox 275 321 457 406; x_wconf 81' lang='lat' dir='ltr'>iuglandes,</span> <span class='ocrx_word' id='word_1_6' title='bbox 485 323 570 388; x_wconf 90' lang='lat' dir='ltr'>siin</span> <span class='ocrx_word' id='word_1_7' title='bbox 594 323 790 408; x_wconf 86' lang='lat' dir='ltr'>seminariis,</span> <span class='ocrx_word' id='word_1_8' title='bbox 819 344 882 408; x_wconf 93' lang='lat' dir='ltr'>quo</span> <span class='ocrx_word' id='word_1_9' title='bbox 907 325 1033 390; x_wconf 88' lang='lat' dir='ltr'>dictum</span> <span class='ocrx_word' id='word_1_10' title='bbox 1058 330 1111 390; x_wconf 86' lang='lat' dir='ltr'>est</span> 
     </span>
     <span class='ocr_line' id='line_1_3' title="bbox 100 416 413 495; baseline 0.006 -21"><span class='ocrx_word' id='word_1_11' title='bbox 100 431 197 495; x_wconf 90' lang='lat' dir='ltr'>more,</span> <span class='ocrx_word' id='word_1_12' title='bbox 219 416 413 495; x_wconf 72' lang='lat' dir='ltr'><strong>panguntur.</strong></span> 
     </span>
    </p>
   </div>
   <div class='ocr_carea' id='block_1_3' title="bbox 474 623 728 690">
    <p class='ocr_par' dir='ltr' id='par_1_3' title="bbox 474 623 728 690">
     <span class='ocr_line' id='line_1_4' title="bbox 474 623 728 690; baseline 0.008 -2"><span class='ocrx_word' id='word_1_13' title='bbox 474 624 533 689; x_wconf 83' lang='lat' dir='ltr'>DE</span> <span class='ocrx_word' id='word_1_14' title='bbox 559 623 728 690; x_wconf 83' lang='lat' dir='ltr'><strong><em>APIBVS.</em></strong></span> 
     </span>
    </p>
   </div>
   <div class='ocr_carea' id='block_1_4' title="bbox 46 765 1144 1829">
    <p class='ocr_par' dir='ltr' id='par_1_4' title="bbox 46 765 1144 1473">
     <span class='ocr_line' id='line_1_5' title="bbox 46 765 1108 853; baseline 0.001 -21"><span class='ocrx_word' id='word_1_15' title='bbox 46 765 128 832; x_wconf 84' lang='lat' dir='ltr'>VIII</span> <span class='ocrx_word' id='word_1_16' title='bbox 202 765 308 831; x_wconf 88' lang='lat' dir='ltr'>Huius</span> <span class='ocrx_word' id='word_1_17' title='bbox 341 768 459 832; x_wconf 86' lang='lat' dir='ltr'>mensis</span> <span class='ocrx_word' id='word_1_18' title='bbox 492 768 587 832; x_wconf 91' lang='lat' dir='ltr'>initio</span> <span class='ocrx_word' id='word_1_19' title='bbox 620 789 696 853; x_wconf 87' lang='lat' dir='ltr'>apes</span> <span class='ocrx_word' id='word_1_20' title='bbox 725 790 763 831; x_wconf 84' lang='lat' dir='ltr'>ex</span> <span class='ocrx_word' id='word_1_21' title='bbox 792 767 942 833; x_wconf 79' lang='lat' dir='ltr'>tamarici</span> <span class='ocrx_word' id='word_1_22' title='bbox 970 769 1108 834; x_wconf 87' lang='lat' dir='ltr'>floribus</span> 
     </span>
     <span class='ocr_line' id='line_1_6' title="bbox 99 855 1144 941; baseline 0.007 -23"><span class='ocrx_word' id='word_1_23' title='bbox 99 855 296 940; x_wconf 81' lang='lat' dir='ltr'>reliquisque</span> <span class='ocrx_word' id='word_1_24' title='bbox 324 855 529 921; x_wconf 90' lang='lat' dir='ltr'>siluestribus</span> <span class='ocrx_word' id='word_1_25' title='bbox 563 858 659 920; x_wconf 90' lang='lat' dir='ltr'>mella</span> <span class='ocrx_word' id='word_1_26' title='bbox 686 856 875 922; x_wconf 87' lang='lat' dir='ltr'>conficiunt:</span> <span class='ocrx_word' id='word_1_27' title='bbox 907 879 991 941; x_wconf 87' lang='lat' dir='ltr'>qnae</span> <span class='ocrx_word' id='word_1_28' title='bbox 1020 857 1108 923; x_wconf 85' lang='lat' dir='ltr'>aufe-</span> <span class='ocrx_word' id='word_1_29' title='bbox 1134 884 1144 925; x_wconf 82' lang='grc' dir='ltr'>ι</span> 
     </span>
     <span class='ocr_line' id='line_1_7' title="bbox 99 944 1106 1030; baseline 0.005 -24"><span class='ocrx_word' id='word_1_30' title='bbox 99 946 198 1009; x_wconf 90' lang='lat' dir='ltr'>reuda</span> <span class='ocrx_word' id='word_1_31' title='bbox 215 967 281 1010; x_wconf 91' lang='lat' dir='ltr'>non</span> <span class='ocrx_word' id='word_1_32' title='bbox 299 950 384 1030; x_wconf 91' lang='lat' dir='ltr'>sunt,</span> <span class='ocrx_word' id='word_1_33' title='bbox 403 944 478 1029; x_wconf 90' lang='lat' dir='ltr'>quia</span> <span class='ocrx_word' id='word_1_34' title='bbox 497 953 668 1010; x_wconf 89' lang='lat' dir='ltr'>seruantur</span> <span class='ocrx_word' id='word_1_35' title='bbox 683 944 828 1010; x_wconf 88' lang='lat' dir='ltr'>hiberno.</span> <span class='ocrx_word' id='word_1_36' title='bbox 861 947 977 1011; x_wconf 91' lang='lat' dir='ltr'>eodem</span> <span class='ocrx_word' id='word_1_37' title='bbox 995 969 1106 1012; x_wconf 90' lang='lat' dir='ltr'>mense</span> 
     </span>
     <span class='ocr_line' id='line_1_8' title="bbox 100 1034 1107 1118; baseline 0.003 -20"><span class='ocrx_word' id='word_1_38' title='bbox 100 1035 249 1099; x_wconf 88' lang='lat' dir='ltr'>sordibus</span> <span class='ocrx_word' id='word_1_39' title='bbox 278 1035 437 1099; x_wconf 89' lang='lat' dir='ltr'>liberandi</span> <span class='ocrx_word' id='word_1_40' title='bbox 467 1038 544 1098; x_wconf 88' lang='lat' dir='ltr'>sunt</span> <span class='ocrx_word' id='word_1_41' title='bbox 572 1035 670 1118; x_wconf 88' lang='lat' dir='ltr'>aluei,</span> <span class='ocrx_word' id='word_1_42' title='bbox 702 1035 778 1118; x_wconf 88' lang='lat' dir='ltr'>quia</span> <span class='ocrx_word' id='word_1_43' title='bbox 810 1039 881 1100; x_wconf 90' lang='lat' dir='ltr'>tota</span> <span class='ocrx_word' id='word_1_44' title='bbox 907 1034 1016 1100; x_wconf 89' lang='lat' dir='ltr'>hieme</span> <span class='ocrx_word' id='word_1_45' title='bbox 1052 1057 1107 1101; x_wconf 87' lang='lat' dir='ltr'>eos</span> 
     </span>
     <span class='ocr_line' id='line_1_9' title="bbox 99 1123 1107 1208; baseline 0.003 -22"><span class='ocrx_word' id='word_1_46' title='bbox 99 1145 229 1189; x_wconf 89' lang='lat' dir='ltr'>mouere</span> <span class='ocrx_word' id='word_1_47' title='bbox 243 1128 300 1188; x_wconf 87' lang='lat' dir='ltr'>aut</span> <span class='ocrx_word' id='word_1_48' title='bbox 314 1124 437 1206; x_wconf 87' lang='lat' dir='ltr'>aperire</span> <span class='ocrx_word' id='word_1_49' title='bbox 451 1145 518 1186; x_wconf 92' lang='lat' dir='ltr'>non</span> <span class='ocrx_word' id='word_1_50' title='bbox 535 1145 717 1207; x_wconf 89' lang='lat' dir='ltr'>possumus.</span> <span class='ocrx_word' id='word_1_51' title='bbox 750 1123 806 1187; x_wconf 89' lang='lat' dir='ltr'>sed</span> <span class='ocrx_word' id='word_1_52' title='bbox 823 1123 904 1188; x_wconf 88' lang='lat' dir='ltr'>haec</span> <span class='ocrx_word' id='word_1_53' title='bbox 922 1124 974 1187; x_wconf 91' lang='lat' dir='ltr'>die</span> <span class='ocrx_word' id='word_1_54' title='bbox 996 1124 1107 1208; x_wconf 88' lang='lat' dir='ltr'>aprico</span> 
     </span>
     <span class='ocr_line' id='line_1_10' title="bbox 101 1212 1105 1297; baseline 0.004 -23"><span class='ocrx_word' id='word_1_55' title='bbox 101 1213 274 1297; x_wconf 88' lang='lat' dir='ltr'>tepidoque</span> <span class='ocrx_word' id='word_1_56' title='bbox 292 1212 438 1277; x_wconf 82' lang='lat' dir='ltr'>facienda</span> <span class='ocrx_word' id='word_1_57' title='bbox 456 1216 542 1294; x_wconf 88' lang='lat' dir='ltr'>sunt,</span> <span class='ocrx_word' id='word_1_58' title='bbox 560 1215 598 1276; x_wconf 88' lang='lat' dir='ltr'>nt</span> <span class='ocrx_word' id='word_1_59' title='bbox 615 1213 730 1296; x_wconf 90' lang='lat' dir='ltr'>pennis</span> <span class='ocrx_word' id='word_1_60' title='bbox 750 1213 888 1276; x_wconf 82' lang='lat' dir='ltr'>maxime</span> <span class='ocrx_word' id='word_1_61' title='bbox 908 1213 1020 1277; x_wconf 89' lang='lat' dir='ltr'>auium</span> <span class='ocrx_word' id='word_1_62' title='bbox 1041 1235 1105 1278; x_wconf 86' lang='lat' dir='ltr'>ma·</span> 
     </span>
     <span class='ocr_line' id='line_1_11' title="bbox 99 1300 1137 1386; baseline 0.003 -23"><span class='ocrx_word' id='word_1_63' title='bbox 99 1301 219 1386; x_wconf 88' lang='lat' dir='ltr'>iorum,</span> <span class='ocrx_word' id='word_1_64' title='bbox 242 1322 322 1386; x_wconf 87' lang='lat' dir='ltr'>quae</span> <span class='ocrx_word' id='word_1_65' title='bbox 345 1300 467 1365; x_wconf 86' lang='lat' dir='ltr'>habent</span> <span class='ocrx_word' id='word_1_66' title='bbox 487 1301 639 1386; x_wconf 81' lang='lat' dir='ltr'>rigorem,</span> <span class='ocrx_word' id='word_1_67' title='bbox 661 1301 714 1365; x_wconf 87' lang='lat' dir='ltr'>uel</span> <span class='ocrx_word' id='word_1_68' title='bbox 737 1301 847 1384; x_wconf 89' lang='lat' dir='ltr'>aliquo</span> <span class='ocrx_word' id='word_1_69' title='bbox 870 1301 973 1365; x_wconf 83' lang='lat' dir='ltr'>simili</span> <span class='ocrx_word' id='word_1_70' title='bbox 995 1303 1137 1366; x_wconf 84' lang='lat' dir='ltr'>omniau</span> 
     </span>
     <span class='ocr_line' id='line_1_12' title="bbox 99 1389 1105 1473; baseline 0.003 -21"><span class='ocrx_word' id='word_1_71' title='bbox 99 1389 255 1455; x_wconf 89' lang='lat' dir='ltr'>interiora</span> <span class='ocrx_word' id='word_1_72' title='bbox 282 1391 489 1471; x_wconf 87' lang='lat' dir='ltr'>mundentur,</span> <span class='ocrx_word' id='word_1_73' title='bbox 520 1411 582 1473; x_wconf 92' lang='lat' dir='ltr'>quo</span> <span class='ocrx_word' id='word_1_74' title='bbox 614 1411 727 1453; x_wconf 90' lang='lat' dir='ltr'>manns</span> <span class='ocrx_word' id='word_1_75' title='bbox 754 1412 819 1455; x_wconf 91' lang='lat' dir='ltr'>non</span> <span class='ocrx_word' id='word_1_76' title='bbox 848 1390 974 1454; x_wconf 81' lang='lat' dir='ltr'>calebit</span> <span class='ocrx_word' id='word_1_77' title='bbox 1002 1391 1105 1455; x_wconf 87' lang='lat' dir='ltr'>adtin-</span> 
     </span>
    </p>

    <p class='ocr_par' dir='ltr' id='par_1_5' title="bbox 57 1478 1127 1829">
     <span class='ocr_line' id='line_1_13' title="bbox 57 1478 1103 1563; baseline 0.001 -21"><span class='ocrx_word' id='word_1_78' title='bbox 57 1480 78 1542; x_wconf 81' lang='lat'><strong>2</strong></span> <span class='ocrx_word' id='word_1_79' title='bbox 101 1499 185 1563; x_wconf 87' lang='lat' dir='ltr'>gere.</span> <span class='ocrx_word' id='word_1_80' title='bbox 231 1483 302 1543; x_wconf 93' lang='lat' dir='ltr'>tum</span> <span class='ocrx_word' id='word_1_81' title='bbox 325 1478 423 1542; x_wconf 88' lang='lat' dir='ltr'>rimas</span> <span class='ocrx_word' id='word_1_82' title='bbox 448 1501 568 1562; x_wconf 85' lang='lat' dir='ltr'>omnes,</span> <span class='ocrx_word' id='word_1_83' title='bbox 592 1501 673 1563; x_wconf 88' lang='lat' dir='ltr'>quae</span> <span class='ocrx_word' id='word_1_84' title='bbox 696 1483 773 1542; x_wconf 89' lang='lat' dir='ltr'>sunt</span> <span class='ocrx_word' id='word_1_85' title='bbox 795 1479 1011 1562; x_wconf 82' lang='lat' dir='ltr'>extrinsecus,</span> <span class='ocrx_word' id='word_1_86' title='bbox 1034 1479 1103 1544; x_wconf 84' lang='lat' dir='ltr'>luto</span> 
     </span>
     <span class='ocr_line' id='line_1_14' title="bbox 99 1567 1102 1652; baseline 0.001 -21"><span class='ocrx_word' id='word_1_87' title='bbox 99 1572 132 1631; x_wconf 91' lang='lat' dir='ltr'>et</span> <span class='ocrx_word' id='word_1_88' title='bbox 150 1568 226 1633; x_wconf 89' lang='lat' dir='ltr'>fimo</span> <span class='ocrx_word' id='word_1_89' title='bbox 246 1568 366 1632; x_wconf 87' lang='lat' dir='ltr'>bubulo</span> <span class='ocrx_word' id='word_1_90' title='bbox 385 1568 496 1631; x_wconf 84' lang='lat' dir='ltr'>mixtis</span> <span class='ocrx_word' id='word_1_91' title='bbox 515 1567 668 1632; x_wconf 86' lang='lat' dir='ltr'>linamus:</span> <span class='ocrx_word' id='word_1_92' title='bbox 691 1572 725 1632; x_wconf 91' lang='lat' dir='ltr'>et</span> <span class='ocrx_word' id='word_1_93' title='bbox 738 1568 869 1652; x_wconf 80' lang='lat' dir='ltr'>insuper</span> <span class='ocrx_word' id='word_1_94' title='bbox 887 1569 1039 1652; x_wconf 86' lang='lat' dir='ltr'>genestis</span> <span class='ocrx_word' id='word_1_95' title='bbox 1054 1568 1102 1633; x_wconf 91' lang='lat' dir='ltr'>uel</span> 
     </span>
     <span class='ocr_line' id='line_1_15' title="bbox 100 1656 1100 1742; baseline 0.003 -24"><span class='ocrx_word' id='word_1_96' title='bbox 100 1656 172 1720; x_wconf 87' lang='lat' dir='ltr'>aliis</span> <span class='ocrx_word' id='word_1_97' title='bbox 196 1657 392 1742; x_wconf 82' lang='lat' dir='ltr'>tegumentis</span> <span class='ocrx_word' id='word_1_98' title='bbox 416 1656 662 1720; x_wconf 88' lang='lat' dir='ltr'>similitudinem</span> <span class='ocrx_word' id='word_1_99' title='bbox 690 1657 836 1740; x_wconf 86' lang='lat' dir='ltr'>porticus</span> <span class='ocrx_word' id='word_1_100' title='bbox 859 1657 1041 1740; x_wconf 87' lang='lat' dir='ltr'>imitemur,</span> <span class='ocrx_word' id='word_1_101' title='bbox 1068 1660 1100 1721; x_wconf 73' lang='lat' dir='ltr'>ut</span> 
     </span>
     <span class='ocr_line' id='line_1_16' title="bbox 99 1744 1127 1829; baseline 0 -21"><span class='ocrx_word' id='word_1_102' title='bbox 99 1748 227 1828; x_wconf 78' lang='lat' dir='ltr'>possint</span> <span class='ocrx_word' id='word_1_103' title='bbox 250 1767 269 1807; x_wconf 92' lang='lat' dir='ltr'>a</span> <span class='ocrx_word' id='word_1_104' title='bbox 290 1744 412 1829; x_wconf 82' lang='lat' dir='ltr'>frigore</span> <span class='ocrx_word' id='word_1_105' title='bbox 436 1749 469 1808; x_wconf 92' lang='lat' dir='ltr'>et</span> <span class='ocrx_word' id='word_1_106' title='bbox 490 1747 684 1828; x_wconf 70' lang='lat' dir='ltr'>tempestate</span> <span class='ocrx_word' id='word_1_107' title='bbox 708 1744 843 1810; x_wconf 86' lang='lat' dir='ltr'>defendi.</span> <span class='ocrx_word' id='word_1_108' title='bbox 1109 1768 1127 1808; x_wconf 80' lang='grc' dir='ltr'>ιι</span> 
     </span>
    </p>
   </div>
   <div class='ocr_carea' id='block_1_5' title="bbox 153 2025 1051 2216">
    <p class='ocr_par' dir='ltr' id='par_1_6' title="bbox 153 2025 1051 2216">
     <span class='ocr_line' id='line_1_17' title="bbox 153 2025 1051 2106; baseline 0 -12"><span class='ocrx_word' id='word_1_109' title='bbox 153 2027 394 2094; x_wconf 80' lang='lat' dir='ltr'>REMEDIVM</span> <span class='ocrx_word' id='word_1_110' title='bbox 417 2026 608 2106; x_wconf 83' lang='lat' dir='ltr'>VITIBVS‚</span> <span class='ocrx_word' id='word_1_111' title='bbox 631 2025 750 2104; x_wconf 73' lang='lat' dir='ltr'><strong>QVAE</strong></span> <span class='ocrx_word' id='word_1_112' title='bbox 774 2025 874 2092; x_wconf 83' lang='lat' dir='ltr'>SINE</span> <span class='ocrx_word' id='word_1_113' title='bbox 898 2027 1051 2094; x_wconf 78' lang='lat' dir='ltr'><strong>FRVGE</strong></span> 
     </span>
     <span class='ocr_line' id='line_1_18' title="bbox 469 2151 737 2216; baseline -0.007 -1"><span class='ocrx_word' id='word_1_114' title='bbox 469 2151 737 2216; x_wconf 81' lang='lat' dir='ltr'><strong>LVXVRIANT.</strong></span> 
     </span>
    </p>
   </div>
   <div class='ocr_carea' id='block_1_6' title="bbox 49 2292 1098 2466">
    <p class='ocr_par' dir='ltr' id='par_1_7' title="bbox 49 2292 1098 2466">
     <span class='ocr_line' id='line_1_19' title="bbox 49 2292 1098 2377; baseline -0.004 -17"><span class='ocrx_word' id='word_1_115' title='bbox 49 2295 148 2360; x_wconf 86' lang='lat' dir='ltr'><strong>VIIII</strong></span> <span class='ocrx_word' id='word_1_116' title='bbox 214 2296 310 2361; x_wconf 86' lang='lat' dir='ltr'>Locis</span> <span class='ocrx_word' id='word_1_117' title='bbox 329 2294 441 2360; x_wconf 81' lang='lat' dir='ltr'>calidis</span> <span class='ocrx_word' id='word_1_118' title='bbox 460 2299 494 2358; x_wconf 90' lang='lat' dir='ltr'>et</span> <span class='ocrx_word' id='word_1_119' title='bbox 512 2293 630 2377; x_wconf 82' lang='lat' dir='ltr'>apricis</span> <span class='ocrx_word' id='word_1_120' title='bbox 646 2294 740 2374; x_wconf 89' lang='lat' dir='ltr'>nites,</span> <span class='ocrx_word' id='word_1_121' title='bbox 758 2314 841 2377; x_wconf 90' lang='lat' dir='ltr'>quae</span> <span class='ocrx_word' id='word_1_122' title='bbox 858 2292 969 2357; x_wconf 82' lang='lat' dir='ltr'>fructu</span> <span class='ocrx_word' id='word_1_123' title='bbox 986 2296 1098 2374; x_wconf 72' lang='lat' dir='ltr'>carent,</span> 
     </span>
     <span class='ocr_line' id='line_1_20' title="bbox 98 2381 1098 2466; baseline -0.005 -17"><span class='ocrx_word' id='word_1_124' title='bbox 98 2385 212 2449; x_wconf 84' lang='lat' dir='ltr'>fronde</span> <span class='ocrx_word' id='word_1_125' title='bbox 227 2384 393 2449; x_wconf 84' lang='lat' dir='ltr'>luxuriant</span> <span class='ocrx_word' id='word_1_126' title='bbox 406 2386 439 2447; x_wconf 92' lang='lat' dir='ltr'>et</span> <span class='ocrx_word' id='word_1_127' title='bbox 452 2383 640 2466; x_wconf 87' lang='lat' dir='ltr'>pauperiem</span> <span class='ocrx_word' id='word_1_128' title='bbox 658 2381 782 2447; x_wconf 81' lang='lat' dir='ltr'>fetuum</span> <span class='ocrx_word' id='word_1_129' title='bbox 797 2385 999 2464; x_wconf 80' lang='lat' dir='ltr'>conpensant</span> <span class='ocrx_word' id='word_1_130' title='bbox 1012 2383 1098 2446; x_wconf 87' lang='lat' dir='ltr'>uber·</span> 
     </span>
    </p>
   </div>
   <div class='ocr_carea' id='block_1_7' title="bbox 99 2469 1129 2825">
    <p class='ocr_par' dir='ltr' id='par_1_8' title="bbox 99 2469 1129 2825">
     <span class='ocr_line' id='line_1_21' title="bbox 99 2469 1129 2557; baseline -0.006 -20"><span class='ocrx_word' id='word_1_131' title='bbox 99 2477 166 2537; x_wconf 82' lang='lat' dir='ltr'>tate</span> <span class='ocrx_word' id='word_1_132' title='bbox 193 2473 359 2557; x_wconf 88' lang='lat' dir='ltr'>foliorum,</span> <span class='ocrx_word' id='word_1_133' title='bbox 389 2493 473 2536; x_wconf 91' lang='lat' dir='ltr'>nunc</span> <span class='ocrx_word' id='word_1_134' title='bbox 504 2471 646 2554; x_wconf 88' lang='lat' dir='ltr'>pressius</span> <span class='ocrx_word' id='word_1_135' title='bbox 669 2474 784 2553; x_wconf 85' lang='lat' dir='ltr'>putare</span> <span class='ocrx_word' id='word_1_136' title='bbox 807 2470 991 2554; x_wconf 86' lang='lat' dir='ltr'>conueniet,</span> <span class='ocrx_word' id='word_1_137' title='bbox 1014 2469 1129 2556; x_wconf 79' lang='lat' dir='ltr'>frigi-rr</span> 
     </span>
     <span class='ocr_line' id='line_1_22' title="bbox 100 2559 1097 2642; baseline -0.002 -18"><span class='ocrx_word' id='word_1_138' title='bbox 100 2561 149 2625; x_wconf 89' lang='lat' dir='ltr'>dis</span> <span class='ocrx_word' id='word_1_139' title='bbox 171 2583 248 2626; x_wconf 89' lang='lat' dir='ltr'>uero</span> <span class='ocrx_word' id='word_1_140' title='bbox 272 2583 381 2626; x_wconf 85' lang='lat' dir='ltr'>mense</span> <span class='ocrx_word' id='word_1_141' title='bbox 404 2559 576 2626; x_wconf 83' lang='lat' dir='ltr'>februario.</span> <span class='ocrx_word' id='word_1_142' title='bbox 612 2560 640 2623; x_wconf 89' lang='lat' dir='ltr'>si</span> <span class='ocrx_word' id='word_1_143' title='bbox 663 2560 866 2642; x_wconf 84' lang='lat' dir='ltr'>permanebit</span> <span class='ocrx_word' id='word_1_144' title='bbox 888 2559 952 2622; x_wconf 90' lang='lat' dir='ltr'>hoc</span> <span class='ocrx_word' id='word_1_145' title='bbox 974 2559 1097 2640; x_wconf 91' lang='lat' dir='ltr'>uitium,</span> 
     </span>
     <span class='ocr_line' id='line_1_23' title="bbox 100 2642 1097 2715; baseline -0.003 -1"><span class='ocrx_word' id='word_1_146' title='bbox 100 2650 327 2715; x_wconf 77' lang='lat' dir='ltr'>circumfossae</span> <span class='ocrx_word' id='word_1_147' title='bbox 349 2650 470 2713; x_wconf 88' lang='lat' dir='ltr'>harena</span> <span class='ocrx_word' id='word_1_148' title='bbox 492 2642 617 2712; x_wconf 86' lang='lat' dir='ltr'>fluuiali</span> <span class='ocrx_word' id='word_1_149' title='bbox 639 2647 692 2711; x_wconf 83' lang='lat' dir='ltr'>uel</span> <span class='ocrx_word' id='word_1_150' title='bbox 711 2647 815 2712; x_wconf 90' lang='lat' dir='ltr'>cinere</span> <span class='ocrx_word' id='word_1_151' title='bbox 835 2647 1024 2711; x_wconf 88' lang='lat' dir='ltr'>debebimus</span> <span class='ocrx_word' id='word_1_152' title='bbox 1048 2647 1097 2711; x_wconf 87' lang='lat' dir='ltr'>ad·</span> 
     </span>
     <span class='ocr_line' id='line_1_24' title="bbox 101 2736 1096 2825; baseline -0.006 -22"><span class='ocrx_word' id='word_1_153' title='bbox 101 2760 221 2825; x_wconf 83' lang='lat' dir='ltr'>gerare.</span> <span class='ocrx_word' id='word_1_154' title='bbox 250 2740 380 2824; x_wconf 89' lang='lat' dir='ltr'>quidam</span> <span class='ocrx_word' id='word_1_155' title='bbox 393 2737 516 2821; x_wconf 92' lang='lat' dir='ltr'>lapides</span> <span class='ocrx_word' id='word_1_156' title='bbox 531 2737 677 2801; x_wconf 88' lang='lat' dir='ltr'>inserunt</span> <span class='ocrx_word' id='word_1_157' title='bbox 690 2736 776 2800; x_wconf 88' lang='lat' dir='ltr'>inter</span> <span class='ocrx_word' id='word_1_158' title='bbox 790 2736 934 2800; x_wconf 83' lang='lat' dir='ltr'>flexuosa</span> <span class='ocrx_word' id='word_1_159' title='bbox 947 2736 1096 2801; x_wconf 84' lang='lat' dir='ltr'>radicum.</span> 
     </span>
    </p>
   </div>
   <div class='ocr_carea' id='block_1_8' title="bbox 74 2979 1100 3630">
    <p class='ocr_par' dir='ltr' id='par_1_9' title="bbox 90 2979 1100 3550">
     <span class='ocr_line' id='line_1_25' title="bbox 171 2979 1100 3064; baseline -0.004 -26"><span class='ocrx_word' id='word_1_160' title='bbox 171 2991 184 3038; x_wconf 94' lang='lat'>1</span> <span class='ocrx_word' id='word_1_161' title='bbox 205 3001 238 3038; x_wconf 89' lang='lat' dir='ltr'>eo</span> <span class='ocrx_word' id='word_1_162' title='bbox 257 2985 290 3052; x_wconf 99' lang='lat' dir='ltr'><strong><em>P,</em></strong></span> <span class='ocrx_word' id='word_1_163' title='bbox 310 2983 384 3053; x_wconf 91' lang='lat' dir='ltr'>quod</span> <span class='ocrx_word' id='word_1_164' title='bbox 402 2985 437 3050; x_wconf 87' lang='lat' dir='ltr'><strong><em>L,</em></strong></span> <span class='ocrx_word' id='word_1_165' title='bbox 453 3000 510 3064; x_wconf 82' lang='lat' dir='ltr'>quo</span> <span class='ocrx_word' id='word_1_166' title='bbox 530 2981 607 3036; x_wconf 91' lang='lat' dir='ltr'>dictu</span> <span class='ocrx_word' id='word_1_167' title='bbox 625 2997 702 3034; x_wconf 89' lang='lat' dir='ltr'>more</span> <span class='ocrx_word' id='word_1_168' title='bbox 720 2981 750 3034; x_wconf 82' lang='lat' dir='ltr'><em>E</em></span> <span class='ocrx_word' id='word_1_169' title='bbox 769 2983 778 3050; x_wconf 74' lang='grc' dir='ltr'>ΙΙ</span> <span class='ocrx_word' id='word_1_170' title='bbox 798 2987 815 3033; x_wconf 80' lang='lat'><strong>2</strong></span> <span class='ocrx_word' id='word_1_171' title='bbox 832 2983 996 3050; x_wconf 72' lang='lat' dir='ltr'>pangrmtnr</span> <span class='ocrx_word' id='word_1_172' title='bbox 1014 2979 1100 3037; x_wconf 70' lang='grc' dir='ltr'>ΡΠ</span> 
     </span>
     <span class='ocr_line' id='line_1_26' title="bbox 99 3051 1098 3133; baseline -0.002 -25"><span class='ocrx_word' id='word_1_173' title='bbox 99 3057 130 3108; x_wconf 77' lang='lat' dir='ltr'>ia</span> <span class='ocrx_word' id='word_1_174' title='bbox 147 3073 201 3110; x_wconf 83' lang='lat' dir='ltr'>ras.</span> <span class='ocrx_word' id='word_1_175' title='bbox 204 3056 341 3125; x_wconf 74' lang='lat' dir='ltr'><strong><em>,GPt4</em></strong></span> <span class='ocrx_word' id='word_1_176' title='bbox 358 3053 531 3108; x_wconf 86' lang='lat' dir='ltr'>tamarisci&#39;</span> <span class='ocrx_word' id='word_1_177' title='bbox 519 3070 620 3133; x_wconf 74' lang='lat' dir='ltr'>coepe</span> <span class='ocrx_word' id='word_1_178' title='bbox 628 3053 638 3122; x_wconf 79' lang='grc'>11</span> <span class='ocrx_word' id='word_1_179' title='bbox 656 3058 673 3106; x_wconf 85' lang='lat'>8</span> <span class='ocrx_word' id='word_1_180' title='bbox 692 3051 739 3106; x_wconf 90' lang='lat' dir='ltr'>uel</span> <span class='ocrx_word' id='word_1_181' title='bbox 756 3053 787 3106; x_wconf 82' lang='lat' dir='ltr'><strong><em>E</em></strong></span> <span class='ocrx_word' id='word_1_182' title='bbox 810 3055 814 3121; x_wconf 82' lang='grc' dir='ltr'>Ι</span> <span class='ocrx_word' id='word_1_183' title='bbox 839 3052 921 3133; x_wconf 82' lang='lat' dir='ltr'>decet</span> <span class='ocrx_word' id='word_1_184' title='bbox 936 3068 990 3120; x_wconf 82' lang='lat' dir='ltr'>pro</span> <span class='ocrx_word' id='word_1_185' title='bbox 1006 3069 1098 3122; x_wconf 80' lang='lat' dir='ltr'>posm-</span> 
     </span>
     <span class='ocr_line' id='line_1_27' title="bbox 99 3122 1078 3249; baseline -0.001 -70"><span class='ocrx_word' id='word_1_186' title='bbox 99 3144 160 3180; x_wconf 91' lang='lat' dir='ltr'>mus</span> <span class='ocrx_word' id='word_1_187' title='bbox 174 3144 250 3198; x_wconf 73' lang='lat' dir='ltr'>seps</span> <span class='ocrx_word' id='word_1_188' title='bbox 264 3129 273 3196; x_wconf 83' lang='grc' dir='ltr'>ΙΙ</span> <span class='ocrx_word' id='word_1_189' title='bbox 286 3133 303 3180; x_wconf 84' lang='grc'>9</span> <span class='ocrx_word' id='word_1_190' title='bbox 317 3130 346 3181; x_wconf 91' lang='lat' dir='ltr'>et</span> <span class='ocrx_word' id='word_1_191' title='bbox 356 3142 408 3195; x_wconf 85' lang='lat' dir='ltr'>pro</span> <span class='ocrx_word' id='word_1_192' title='bbox 422 3126 479 3178; x_wconf 90' lang='lat' dir='ltr'>ut</span> <span class='ocrx_word' id='word_1_193' title='bbox 467 3142 558 3249; x_wconf 72' lang='lat' dir='ltr'>rEacps</span> <span class='ocrx_word' id='word_1_194' title='bbox 574 3126 578 3194; x_wconf 72' lang='lat' dir='ltr'>t</span> <span class='ocrx_word' id='word_1_195' title='bbox 593 3122 686 3204; x_wconf 88' lang='lat' dir='ltr'>pinnis</span> <span class='ocrx_word' id='word_1_196' title='bbox 701 3123 798 3248; x_wconf 71' lang='lat' dir='ltr'><strong><em>PLSF,</em></strong></span> <span class='ocrx_word' id='word_1_197' title='bbox 773 3122 967 3247; x_wconf 73' lang='lat' dir='ltr'>Epinguisp,</span> <span class='ocrx_word' id='word_1_198' title='bbox 983 3139 1033 3178; x_wconf 79' lang='lat' dir='ltr'>om.</span> <span class='ocrx_word' id='word_1_199' title='bbox 1048 3124 1078 3178; x_wconf 75' lang='grc' dir='ltr'><em>Ε</em></span> 
     </span>
     <span class='ocr_line' id='line_1_28' title="bbox 99 3193 1076 3268; baseline -0.003 -17"><span class='ocrx_word' id='word_1_200' title='bbox 99 3197 236 3253; x_wconf 82' lang='lat' dir='ltr'>malorum</span> <span class='ocrx_word' id='word_1_201' title='bbox 255 3199 310 3268; x_wconf 75' lang='lat' dir='ltr'>Pp</span> <span class='ocrx_word' id='word_1_202' title='bbox 330 3204 363 3251; x_wconf 82' lang='lat'>12</span> <span class='ocrx_word' id='word_1_203' title='bbox 382 3193 770 3266; x_wconf 68' lang='lat' dir='ltr'>tuncEtomnesrimssS</span> <span class='ocrx_word' id='word_1_204' title='bbox 844 3193 1076 3248; x_wconf 72' lang='lat' dir='ltr'>1311iniemuslt</span> 
     </span>
     <span class='ocr_line' id='line_1_29' title="bbox 100 3195 1099 3338; baseline -0.001 -17"><span class='ocrx_word' id='word_1_205' title='bbox 100 3268 217 3337; x_wconf 81' lang='lat' dir='ltr'>genistis</span> <span class='ocrx_word' id='word_1_206' title='bbox 237 3201 334 3338; x_wconf 70' lang='lat' dir='ltr'>Gni4</span> <span class='ocrx_word' id='word_1_207' title='bbox 352 3268 497 3322; x_wconf 84' lang='lat' dir='ltr'>imitentur</span> <span class='ocrx_word' id='word_1_208' title='bbox 514 3268 547 3334; x_wconf 77' lang='grc' dir='ltr'>ιἸΙ</span> <span class='ocrx_word' id='word_1_209' title='bbox 567 3271 599 3319; x_wconf 79' lang='grc'>17</span> <span class='ocrx_word' id='word_1_210' title='bbox 617 3195 804 3319; x_wconf 73' lang='lat' dir='ltr'>LVXVRE</span> <span class='ocrx_word' id='word_1_211' title='bbox 900 3265 930 3318; x_wconf 83' lang='lat' dir='ltr'><em>E</em></span> <span class='ocrx_word' id='word_1_212' title='bbox 941 3267 952 3334; x_wconf 77' lang='grc' dir='ltr'>ΙΙ</span> <span class='ocrx_word' id='word_1_213' title='bbox 971 3270 1004 3318; x_wconf 79' lang='grc'>19</span> <span class='ocrx_word' id='word_1_214' title='bbox 1023 3266 1099 3320; x_wconf 87' lang='lat' dir='ltr'>uber·</span> 
     </span>
     <span class='ocr_line' id='line_1_30' title="bbox 100 3336 1100 3418; baseline 0 -27"><span class='ocrx_word' id='word_1_215' title='bbox 100 3339 155 3392; x_wconf 83' lang='lat' dir='ltr'>tati</span> <span class='ocrx_word' id='word_1_216' title='bbox 168 3341 199 3394; x_wconf 83' lang='lat' dir='ltr'><em>E</em></span> <span class='ocrx_word' id='word_1_217' title='bbox 213 3344 216 3410; x_wconf 91' lang='grc' dir='ltr'>Ι</span> <span class='ocrx_word' id='word_1_218' title='bbox 232 3343 332 3410; x_wconf 83' lang='lat' dir='ltr'>putare</span> <span class='ocrx_word' id='word_1_219' title='bbox 345 3339 466 3410; x_wconf 86' lang='lat' dir='ltr'>pressius</span> <span class='ocrx_word' id='word_1_220' title='bbox 481 3338 604 3418; x_wconf 78' lang='lat' dir='ltr'>Fiocps</span> <span class='ocrx_word' id='word_1_221' title='bbox 620 3340 624 3406; x_wconf 91' lang='grc' dir='ltr'>Ι</span> <span class='ocrx_word' id='word_1_222' title='bbox 640 3336 767 3406; x_wconf 79' lang='lat' dir='ltr'>Frigidos</span> <span class='ocrx_word' id='word_1_223' title='bbox 780 3338 806 3390; x_wconf 89' lang='lat' dir='ltr'><strong><em>V</em></strong></span> <span class='ocrx_word' id='word_1_224' title='bbox 816 3340 825 3406; x_wconf 81' lang='grc' dir='ltr'>ΙΙ</span> <span class='ocrx_word' id='word_1_225' title='bbox 840 3342 872 3390; x_wconf 79' lang='lat'>21</span> <span class='ocrx_word' id='word_1_226' title='bbox 888 3352 985 3390; x_wconf 84' lang='lat' dir='ltr'>mense</span> <span class='ocrx_word' id='word_1_227' title='bbox 997 3353 1048 3391; x_wconf 65' lang='lat' dir='ltr'>osu</span> <span class='ocrx_word' id='word_1_228' title='bbox 1059 3354 1080 3405; x_wconf 79' lang='lat' dir='ltr'>p</span> <span class='ocrx_word' id='word_1_229' title='bbox 1090 3338 1100 3406; x_wconf 76' lang='grc' dir='ltr'>Η</span> 
     </span>
     <span class='ocr_line' id='line_1_31' title="bbox 100 3406 1100 3478; baseline 0.001 -18"><span class='ocrx_word' id='word_1_230' title='bbox 100 3413 134 3461; x_wconf 78' lang='lat'>22</span> <span class='ocrx_word' id='word_1_231' title='bbox 152 3411 271 3465; x_wconf 80' lang='lat' dir='ltr'>harenas</span> <span class='ocrx_word' id='word_1_232' title='bbox 289 3410 417 3464; x_wconf 87' lang='lat' dir='ltr'>fluuiales</span> <span class='ocrx_word' id='word_1_233' title='bbox 436 3408 482 3463; x_wconf 91' lang='lat' dir='ltr'>uel</span> <span class='ocrx_word' id='word_1_234' title='bbox 500 3407 606 3462; x_wconf 84' lang='lat' dir='ltr'>cineres</span> <span class='ocrx_word' id='word_1_235' title='bbox 625 3407 758 3462; x_wconf 88' lang='lat' dir='ltr'>debemus</span> <span class='ocrx_word' id='word_1_236' title='bbox 782 3422 918 3478; x_wconf 81' lang='lat' dir='ltr'>aggerare</span> <span class='ocrx_word' id='word_1_237' title='bbox 936 3406 968 3476; x_wconf 86' lang='lat' dir='ltr'><strong><em>V,</em></strong></span> <span class='ocrx_word' id='word_1_238' title='bbox 988 3423 1100 3462; x_wconf 65' lang='lat' dir='ltr'>arenam</span> 
     </span>
     <span class='ocr_line' id='line_1_32' title="bbox 90 3477 1099 3550; baseline 0 -20"><span class='ocrx_word' id='word_1_239' title='bbox 90 3478 236 3537; x_wconf 74' lang='lat' dir='ltr'>danielem</span> <span class='ocrx_word' id='word_1_240' title='bbox 256 3481 342 3538; x_wconf 82' lang='lat' dir='ltr'>uet&#39;</span> <span class='ocrx_word' id='word_1_241' title='bbox 318 3499 441 3539; x_wconf 86' lang='lat' dir='ltr'>emerem</span> <span class='ocrx_word' id='word_1_242' title='bbox 455 3477 619 3536; x_wconf 80' lang='lat' dir='ltr'>debebimus</span> <span class='ocrx_word' id='word_1_243' title='bbox 632 3495 786 3549; x_wconf 70' lang='lat' dir='ltr'>aggrego-re</span> <span class='ocrx_word' id='word_1_244' title='bbox 801 3479 838 3546; x_wconf 83' lang='lat' dir='ltr'><strong><em>E,</em></strong></span> <span class='ocrx_word' id='word_1_245' title='bbox 855 3477 989 3532; x_wconf 86' lang='lat' dir='ltr'>debemus</span> <span class='ocrx_word' id='word_1_246' title='bbox 1004 3493 1099 3550; x_wconf 57' lang='lat' dir='ltr'>agga*</span> 
     </span>
    </p>

    <p class='ocr_par' dir='ltr' id='par_1_10' title="bbox 74 3548 910 3630">
     <span class='ocr_line' id='line_1_33' title="bbox 74 3548 910 3630; baseline -0.025 -11"><span class='ocrx_word' id='word_1_247' title='bbox 74 3566 196 3625; x_wconf 53' lang='lat' dir='ltr'><em>8⁸1⁰st</em></span> <span class='ocrx_word' id='word_1_248' title='bbox 219 3573 363 3629; x_wconf 63' lang='lat' dir='ltr'>aggerare</span> <span class='ocrx_word' id='word_1_249' title='bbox 384 3557 435 3630; x_wconf 69' lang='lat' dir='ltr'>Gt}</span> <span class='ocrx_word' id='word_1_250' title='bbox 449 3561 485 3612; x_wconf 75' lang='lat'>28</span> <span class='ocrx_word' id='word_1_251' title='bbox 502 3553 635 3609; x_wconf 73' lang='lat' dir='ltr'>fluxuosa</span> <span class='ocrx_word' id='word_1_252' title='bbox 653 3552 691 3620; x_wconf 78' lang='lat' dir='ltr'><strong><em>L,</em></strong></span> <span class='ocrx_word' id='word_1_253' title='bbox 704 3548 834 3602; x_wconf 73' lang='lat' dir='ltr'>buxuoua</span> <span class='ocrx_word' id='word_1_254' title='bbox 849 3548 910 3601; x_wconf 72' lang='lat' dir='ltr'>GE</span> 
     </span>
    </p>
   </div>
   <div class='ocr_carea' id='block_1_9' title="bbox 0 0 1194 3832">
    <p class='ocr_par' dir='ltr' id='par_1_11' title="bbox 0 0 1194 3832">
     <span class='ocr_line' id='line_1_34' title="bbox 0 0 1194 3832; baseline 0 0"><span class='ocrx_word' id='word_1_255' title='bbox 0 0 1194 3832; x_wconf 95' lang='lat' dir='ltr'> </span> 
     </span>
    </p>
   </div>
  </div>
 </body>
</html>
