2378 3832
93 155 112 219 8
514 152 684 207 prunnon

47 303 69 366 4
91 301 228 385 imperia
256 301 427 366 seniorum.
473 300 507 363 in
534 299 658 363 uitibus
684 296 836 383 putandis
865 298 930 362 tria
958 299 1108 362 conside·

91 391 192 455 randa
211 394 295 473 sunt,
318 389 596 472 fructuum,spes„
609 409 796 452 successura
814 387 976 472 materies,
1000 388 1107 472 locus,

93 480 149 564 qui
172 483 279 543 seruet
301 500 338 542 ac
356 483 496 543 reuocet.
531 476 635 541 uitem
654 475 682 540 si
700 476 860 540 maturius
878 479 982 560 putes,
1007 477 1107 560 plura

93 571 265 646 sarmenta,
289 567 318 631 si
341 567 454 651 serius,
474 566 600 631 fruetus
624 566 781 649 plurimos
806 564 1023 648 consequeris.
1064 566 1104 629 de

92 657 173 722 locis
201 655 384 720 deterrimis
413 655 496 719 sieut
524 657 668 738 arbores,
696 654 743 718 ita
769 653 854 719 uites
882 655 1038 719 conuenit
1061 655 1103 718 ad
1127 680 1139 720 s

92 745 228 811 meliora
256 745 439 809 transferre.
481 748 557 830 post
579 744 699 808 bonam
722 743 919 807 uindemiam
943 741 1103 820 strictius

93 838 169 919 post
192 835 341 919 exiguam
363 834 487 918 largius
509 836 598 917 puta.
639 833 674 896 in
697 831 785 896 omni
809 853 904 915 opere
928 829 1104 917 inserendi,

93 923 228 1007 putandi
252 945 289 987 ac
311 923 486 1007 recidendi,
514 923 601 986 duris
628 924 661 985 et
684 923 788 985 acutis
811 923 902 984 utere
925 919 1103 985 ferramen-

93 1013 145 1077 tis.
177 1013 212 1076 in
230 1013 298 1076 uite
316 1011 370 1077 uel
388 1012 512 1094 arbore,
532 1033 612 1095 quae
627 1011 772 1075 facienda
787 1013 871 1091 sunt,
889 1030 1009 1094 perage
1026 1013 1103 1073 ante

94 1101 295 1186 apertionem
321 1100 411 1166 floris
438 1104 471 1164 et
494 1121 650 1186 gemmae.
691 1099 725 1162 in
747 1097 852 1162 uineis
875 1102 985 1162 aratro
1009 1120 1140 1182 prae-10

94 1191 245 1255 termissa
268 1191 375 1255 fossor
398 1191 555 1254 emendet
592 1188 673 1255 locis
698 1185 821 1268 calidis,
845 1187 948 1269 siccis,
973 1187 1105 1271 apricis,

92 1280 347 1364 pampinandum
369 1282 512 1363 nonest,
535 1301 608 1343 cum
631 1277 737 1362 magis
760 1277 838 1340 uitis
861 1279 952 1360 optet
971 1277 1104 1359 operiri.

94 1373 126 1433 et
156 1369 213 1432 ubi
239 1369 352 1432 uineas
380 1369 552 1432 uulturnus
581 1368 687 1432 exurit
711 1370 769 1430 aut
791 1366 890 1429 flatus
914 1364 1032 1447 aliquis
1057 1387 1105 1429 re-

95 1458 202 1543 gionis
221 1455 380 1539 inimicus,
398 1456 500 1520 uitem
514 1460 663 1541 tegamus
679 1454 890 1520 straminibus
905 1453 957 1518 uel
972 1453 1105 1518 aliunde

50 1547 71 1612 5
95 1545 258 1630 quaesitis.
300 1566 408 1609 ramus
436 1545 555 1630 laetus,
583 1544 695 1608 uiridis
724 1549 757 1608 et
786 1542 908 1608 sterilis
936 1543 971 1606 in
996 1543 1143 1610 mediare

96 1635 167 1698 olea
200 1633 412 1698 abscidendus
443 1639 507 1715 est,
538 1633 628 1697 uelut
655 1633 758 1697 totius
787 1632 913 1696 arboris
941 1632 1104 1697 inimicus.

96 1722 252 1788 sterilitas
285 1726 318 1785 et
344 1722 531 1805 pestilentia
558 1743 661 1805 aequo
689 1723 785 1787 modo
813 1720 985 1806 fugiendae
1017 1725 1105 1804 sunt,

94 1811 148 1876 uel
172 1811 200 1876 si
224 1833 332 1875 secum
354 1815 509 1894 utraeque
532 1833 598 1875 non
620 1811 750 1875 fuerint.
786 1810 821 1873 in
843 1808 1008 1893 pastinato
1032 1810 1104 1874 solo

94 1901 180 1965 inter
210 1900 355 1964 nouellas
388 1899 472 1963 uites
506 1899 635 1964 omuino
667 1899 751 1964 nihil
782 1904 832 1962 est
859 1900 1105 1963 conserendum.

95 1987 211 2054 Graeci
241 1988 355 2053 iubent
387 1992 528 2072 exceptis
562 1988 725 2074 caulibus,
756 1988 855 2052 tertio
888 1986 986 2070 anne,
1020 2009 1104 2071 quae
1119 2015 1144 2053 so

95 2079 220 2156 libebit,
238 2077 415 2163 iniungere.
453 2078 562 2142 omnia
579 2077 744 2161 legumina
763 2075 894 2141 Graecis
914 2074 1105 2140 auctoribus

96 2167 160 2232 seri
178 2167 332 2232 iubentur
344 2167 380 2231 in
395 2167 481 2232 sicca
495 2170 595 2230 terra:
613 2166 690 2230 faba
705 2166 930 2230 tantummodo
940 2166 979 2229 'in
994 2165 1106 2230 umida

52 2259 72 2322 6
96 2257 192 2321 debet
215 2256 352 2342 aspergi.
390 2256 521 2321 domino
545 2256 597 2319 uel
622 2256 736 2319 colono
757 2254 896 2319 confinia
914 2252 1105 2338 possidenti,

96 2344 152 2428 qui
179 2344 315 2409 fundum
342 2346 394 2409 uel
423 2366 538 2430 agrum
566 2366 660 2409 suum
686 2345 786 2426 locat,
814 2344 940 2407 damnis
969 2343 1037 2407 suis
1066 2365 1105 2408 ac

95 2431 208 2497 litibus
241 2434 358 2498 studet.
404 2433 438 2498 in
470 2455 549 2520 agro
581 2433 808 2517 periclitantur
836 2430 1005 2513 interiora,
1037 2432 1103 2496 nisi
1119 2458 1144 2498 as

96 2522 246 2587 colantur
269 2525 422 2586 extrema.
462 2545 555 2587 omne
579 2522 727 2587 triticum
750 2521 819 2586 solo
844 2520 1007 2606 uliginoso
1026 2527 1106 2604 post

96 2610 229 2674 tertiam
254 2610 414 2674 sationem
436 2610 470 2674 in
494 2632 595 2696 genus
616 2609 755 2696 siliginis
772 2613 1001 2675 commutatur.
1039 2610 1106 2674 tria

169 2809 182 2855 1
204 2802 244 2855 De
271 2800 418 2870 putatione
445 2801 588 2855 vinearum
615 2803 695 2857 addit
723 2802 762 2856 6³
788 2804 819 2856 io
846 2803 968 2872 ocuryiue
995 2804 999 2870 t
1032 2807 1048 2854 3
1074 2800 1104 2854 Si

96 2874 185 2928 uitem
202 2874 233 2927 E
254 2876 263 2943 ΙΙ
286 2878 301 2925 5
329 2871 480 2926 teterrimis
503 2873 589 2941 VQT
609 2876 617 2943 Η
640 2872 765 2926 homines
794 2877 857 2941 (pro
880 2872 963 2943 uites)
989 2805 1103 2942 dm,

97 2944 217 3000 hominis
234 2945 311 3014 ΘΙΙῚ
331 2943 417 2998 latius
436 2946 527 3014 iocps
541 2947 550 3013 ll
565 2950 598 2997 10
617 2961 690 3011 quae
708 2943 738 2996 in
756 2941 846 2996 uineis
866 2946 959 2997 aratro
977 2946 1103 3012 praeter-

96 3017 182 3071 missa
206 3018 272 3069 sunt
294 3016 325 3084 V,
350 3032 422 3083 quae
444 3014 571 3070 inuenies
595 3019 688 3068 aratro
710 3013 945 3083 praetermissap
972 3017 981 3084 ll
1010 3020 1041 3067 11
1062 3015 1104 3068 De

96 3087 308 3158 pampinatione
331 3085 475 3140 vinearum
498 3088 577 3142 addit
598 3087 637 3140 G³
658 3088 690 3140 ia
712 3087 834 3156 marpiae
861 3088 869 3154 lt
899 3091 930 3138 11
950 3084 1023 3139 uites
1043 3086 1074 3139 E
1097 3085 1100 3157 l

98 3177 113 3213 o
135 3162 208 3213 ortet
228 3160 287 3229 ΟΕ
308 3162 316 3228 ll
338 3163 371 3210 13
389 3157 498 3227 regioni
518 3159 574 3212 Tc-
595 3160 666 3228 (cum
684 3159 793 3226 rasura)
811 3174 847 3227 ps
870 3159 879 3225 ΙΙ
903 3162 935 3209 15
955 3156 1047 3210 lentus
1066 3157 1103 3224 Ε,

98 3179 213 3310 [lictus]
228 3231 263 3354 cp
277 3228 370 3283 medio
389 3228 468 3282 oleae
482 3229 513 3282 E
524 3231 533 3299 l
549 3235 580 3282 16
596 3227 802 3282 abscindendus
819 3228 916 3308 Qicps,
932 3229 935 3296 1
952 3226 1038 3281 uelud
1053 3228 1084 3281 E
1095 3227 1104 3298 ll

99 3307 131 3355 17
146 3301 243 3371 fug1en
265 3318 282 3355 a
295 3303 307 3354 a·
320 3303 328 3370 ll
344 3307 377 3355 18
391 3299 438 3353 uel
453 3299 477 3352 si
491 3317 583 3354 secum
597 3302 733 3366 utraeque
748 3315 804 3352 non
817 3299 923 3353 fuermt
935 3315 986 3352 cor.
1002 3300 1078 3369 lucy

98 3371 157 3425 solo
177 3372 276 3425 ooa'E
301 3374 310 3441 l
341 3378 373 3425 11
393 3370 464 3424 libet
482 3372 512 3425 Ε
538 3375 546 3442 tl
574 3377 607 3425 13
627 3374 702 3424 terra
724 3369 838 3423 iubetur
861 3378 926 3439 (pro
945 3369 1077 3451 debet)p

99 3443 195 3513 spargi
213 3445 305 3513 iacps
318 3445 327 3513 ΙΙ
342 3449 374 3496 15
391 3441 528 3497 exteriora
538 3445 568 3496 Ε
579 3445 588 3512 Η
603 3448 636 3495 16
655 3441 685 3495 in
700 3441 759 3495 solo
777 3444 922 3511 (10931117
944 3440 1053 3510 siligms
1070 3440 1104 3508 G,

88 3513 224 3581 saliginis
241 3516 258 3566 ι’
