2378 3832
445 152 563 209 AGRIO.
578 154 616 207 ΠΙ
631 159 734 208 16-17
1051 154 1094 218 87

28 314 48 356 n
115 289 173 374 gitis
192 323 288 386 supra
310 300 417 366 lutum
431 287 544 385 'possit
568 301 715 366 surculus
735 300 884 366 eminere.
920 300 1093 383 plerosque

113 379 226 454 delectat
253 390 405 454 strictum
432 391 537 473 primo
565 393 672 454 sectae
701 389 826 453 arboris
850 391 1001 454 truncum
1024 389 1095 452 uin-

111 474 371 543 solennioribus
399 479 435 542 in
461 479 566 543 medio
595 478 715 543 findere
745 483 777 542 et
804 478 852 541 ibi
880 478 1026 543 surculos
1054 500 1092 541 ex
1147 472 1150 478 ’

107 567 222 651 utraque
249 572 343 652 parte
371 589 462 632 rasos
490 569 524 631 in
547 568 679 631 modum
703 567 809 651 cunei,
835 571 873 630 ut
897 567 1025 651 integra
1049 567 1093 631 sit

28 665 37 704 t
86 657 236 741 suadella,
260 656 446 741 demergere
469 657 648 740 praemisso
672 661 745 720 ante
765 657 910 740 cuneolo,
933 677 997 739 quo
1019 656 1093 720 sub-

100 743 183 810 ducto
206 745 374 829 depositus
397 746 543 810 surculus
567 745 719 810 redeunte
743 746 777 809 in
800 745 932 829 plagam
953 745 1092 809 materia

95 835 191 916 possit
214 833 363 919 astringi.
400 835 456 898 sed
478 835 540 898 hoc
563 839 737 918 utrumque
761 854 863 918 genus
886 855 1023 898 uernum
1042 837 1092 898 est
1114 835 1138 898 4

93 927 120 987 et
141 924 180 987 fit
202 927 367 989 crescente
385 924 472 1007 luna,
494 923 551 987 ubi
569 923 685 1006 incipit
704 924 858 986 arborum
876 943 1005 1007 gemma
1023 927 1089 987 tur-

90 1033 224 1096 gescere.
254 1012 376 1095 surculi
390 1017 508 1097 autem,
527 1012 583 1095 qui
599 1012 762 1076 inserendi
776 1016 861 1094 sunt,
880 1012 947 1074 siut
960 1011 1091 1096 nouelli,

52 1120 76 1165 10
87 1101 223 1183 fortilca,
254 1100 382 1183 nodosi,
415 1103 452 1166 de
483 1122 569 1166 nouo
597 1100 679 1182 nati,
712 1101 753 1164 ab
784 1100 935 1165 orientali
966 1099 1093 1164 arboris

84 1193 177 1274 parte
205 1190 318 1271 decisi,
346 1189 558 1255 crassitudine
589 1190 684 1274 digiti
712 1189 861 1272 minoris,
893 1187 1011 1252 bifurci
1038 1187 1092 1252 uel

83 1278 222 1359 trifurci‚
241 1279 378 1363 gemmis
394 1278 543 1363 pluribus
557 1279 693 1342 uberati.
726 1279 755 1342 si
769 1279 919 1342 arborem
933 1275 1091 1340 minorem
1114 1277 1138 1343 5

82 1368 283 1432 desiderabis
316 1367 470 1450 inserere,
502 1369 537 1431 in
565 1389 628 1451 qua
657 1367 725 1431 sine
756 1367 853 1431 dubio
883 1365 1019 1429 meliora
1045 1366 1092 1430 in-

80 1461 250 1521 crementa
280 1458 489 1539 proueniunt,
522 1457 607 1521 circa
639 1460 759 1520 terram
791 1459 912 1520 secato:
945 1459 978 1519 et
1006 1455 1093 1538 quod

38 1571 64 1612 15
80 1545 201 1610 melius
226 1549 285 1629 est,
308 1544 453 1611 surculos
473 1547 559 1609 inter
577 1545 704 1629 lignum
723 1543 939 1627 corticemque
959 1545 1092 1628 depone,

80 1640 164 1699 tunc
187 1635 320 1718 stringe.
358 1634 488 1718 quidam
512 1657 620 1698 rasum
645 1657 683 1699 ex
706 1639 844 1716 utraque
866 1637 960 1716 parte
984 1655 1095 1698 surcu-

79 1725 155 1788 lum
178 1723 424 1788 conuenientem
448 1723 606 1788 soliditati
630 1724 756 1787 arboris
779 1722 963 1787 inferendae
987 1722 1093 1788 sicin

79 1812 191 1876 medio
225 1812 405 1895 deponunt,
437 1817 474 1876 ut
507 1817 618 1877 cortex
651 1812 771 1877 surculi
803 1810 943 1895 undique
977 1812 1092 1877 cortici

79 1900 212 1965 arboris
236 1900 388 1964 reddatur
407 1901 560 1985 aequalis.
595 1901 652 1965 sed
671 1903 704 1965 in
722 1901 852 1965 nouella
871 1901 986 1965 arbore
1005 1905 1093 1965 terra

28 2018 62 2056 ao
81 1993 175 2055 mota
201 2011 302 2074 usque
331 1990 371 2053 ad
399 1989 506 2074 ipsum
533 1990 668 2054 insitum
697 1989 883 2074 colligatur:
912 2011 994 2072 quae
1020 2011 1092 2054 eam

79 2100 136 2142 res
161 2100 180 2141 a
199 2083 298 2142 uento
318 2083 351 2141 et
370 2079 476 2143 calore
496 2079 654 2143 defendet.
690 2079 771 2143 mihi
790 2078 933 2142 adseruit
951 2078 1090 2161 diligens
1114 2079 1137 2143 6

80 2166 230 2253 agricola
258 2187 351 2231 omne
379 2167 514 2231 insitum
542 2169 610 2231 sine
638 2167 736 2232 dubio
763 2165 1034 2249 conprehendere,
1063 2165 1092 2230 si

81 2256 242 2340 depositis
276 2256 413 2320 surculis
445 2258 572 2321 uiscum
603 2277 669 2319 non
701 2259 918 2338 temperatum
951 2254 986 2318 in
1019 2254 1092 2337 ipsa

81 2346 182 2429 plaga
210 2346 333 2428 pariter
356 2366 540 2430 mergamus
565 2345 658 2429 quasi
681 2344 807 2428 glutino
833 2343 971 2425 quodam
996 2365 1090 2408 sucos

28 2462 61 2502 25
82 2434 241 2498 materiae
269 2433 436 2518 utriusque
465 2435 649 2499 mixtorum.
696 2432 734 2497 de
757 2431 1007 2516 inplastratione
1032 2455 1090 2498 suo

81 2544 195 2586 mense
228 2523 379 2588 dicemus,
425 2529 576 2607 quartum
610 2543 711 2607 genus
741 2519 922 2586 Columella
954 2521 1000 2587 sic
1028 2527 1092 2587 ret·

79 2611 170 2676 tulit.
204 2611 321 2695 gallica
340 2614 469 2677 terebra
487 2634 587 2696 usque
607 2613 646 2676 ad
665 2611 841 2675 medullam
857 2612 1007 2675 arborem
1021 2634 1092 2695 per·
1116 2612 1136 2677 7

79 2701 254 2765 forandam
279 2701 377 2785 plaga
399 2702 536 2765 interius
560 2701 677 2765 leuiter
700 2700 863 2764 inclinata.
903 2700 951 2763 ibi
975 2701 1091 2765 educto

158 2880 274 2943 lsuper
292 2893 310 2928 a
332 2877 341 2944 11
364 2873 546 2928 3alti0ribus
567 2874 639 2943 QFe'
665 2877 673 2944 11
700 2872 875 2941 4recisosp
897 2876 906 2942 11
935 2872 1018 2942 oqui
1037 2874 1067 2926 E
1082 2873 1093 2946 11

80 2953 98 3000 6
121 2945 263 3015 depositos
282 2948 308 3000 L
324 2948 328 3015 1
344 2945 431 3015 plaga
448 2947 479 2999 E
493 2948 496 3017 1
512 2944 660 2999 materiam
678 2946 708 2999 Ε
724 2947 733 3015 11
757 2950 771 2997 7
792 2943 913 3014 extringi
931 2944 987 2999 SE
1009 2945 1013 3015 1
1039 2945 1093 2998 hoc

79 3035 134 3072 om.
153 3017 175 3087 Q
191 3020 195 3087 1
212 3016 285 3070 ueris
302 3018 379 3085 Gllss
399 3017 511 3084 quando
524 3034 575 3084 pro
590 3016 672 3084 ubip
688 3019 691 3087 1
707 3032 818 3086 gemma
833 3015 963 3069 arborum
976 3017 1070 3085 iocps

80 3088 257 3159 germinatur
276 3089 307 3141 F
321 3091 330 3158 11
346 3095 378 3141 10
398 3088 488 3142 denuo
508 3089 538 3141 E
550 3091 559 3158 11
575 3094 605 3141 11
626 3086 712 3141 excisi
730 3088 761 3140 E
775 3089 779 3155 1
795 3085 909 3140 minoris
931 3085 1016 3139 excisi
1036 3086 1066 3138 Ε

80 3159 130 3212 uel
148 3158 257 3212 trifurci
276 3176 326 3213 om.
342 3160 372 3212 Ε
388 3162 397 3228 11
421 3166 453 3213 12
472 3158 597 3212 ubertati
615 3160 646 3212 Ε
662 3161 671 3228 11
696 3164 728 3211 16
748 3157 861 3226 quidem
879 3159 906 3211 V
922 3160 977 3226 (em
996 3158 1027 3210 ia
1044 3175 1091 3211 ra·

80 3233 161 3298 suro)
189 3233 198 3299 11
227 3237 258 3284 17
279 3230 423 3284 soliditate
442 3232 473 3299 V,
493 3230 631 3284 solidatae
650 3230 680 3282 Ε
705 3232 714 3299 11
742 3235 775 3282 20
801 3228 1033 3298 colligatumque3
1058 3245 1093 3282 ea

80 3318 128 3355 res
147 3302 177 3354 Ε
189 3305 198 3371 11
212 3308 244 3354 21
265 3301 400 3355 defendat
418 3304 530 3372 1111124
548 3301 693 3354 mittamus
712 3302 742 3354 Ε
757 3303 760 3370 1
778 3318 859 3354 sucus
879 3301 906 3367 S,
926 3316 1023 3353 succus
1040 3300 1071 3353 Ε
1082 3299 1093 3373 11

82 3379 118 3426 25
138 3372 387 3442 demplastratione
406 3374 532 3444 PLQT,
557 3372 604 3424 DE
623 3372 846 3441 inplastratione
865 3371 913 3439 st,
937 3370 978 3424 De
1001 3371 1093 3440 inpla»

82 3444 220 3568 strattipnp
249 3445 322 3570 GGE,
351 3445 392 3498 De
421 3443 649 3515 emplastratione
676 3445 754 3497 ceteri
780 3446 789 3512 11
822 3448 854 3495 26
883 3459 999 3510 quarum
1030 3444 1056 3499 G
1082 3444 1099 3515 11

82 3521 238 3569 wama
