2378 3832
231 546 291 611 DE
314 543 588 614 Pnnncnpnls
612 545 689 610 REI
711 545 936 614 Rvsrlonn.

144 671 225 735 Pars
247 675 297 736 est
315 672 422 754 prima
438 669 629 755 prudentiae
648 671 763 756 ipsam,
787 672 838 737 cui
857 679 1087 758 praecepturus
1111 674 1127 738 I

70 783 126 845 es,
156 760 329 825 aestimare
357 781 535 843 personam.
582 781 686 843 neque
714 761 801 825 enim
824 762 983 827 formator
1005 764 1087 848 agri-

70 851 170 916 colae
199 850 294 914 debet
322 849 447 912 artibus
476 852 509 914 et
536 849 723 932 eloquentia
750 850 897 915 rhetores
923 853 1087 938 aemulari,

38 940 167 1024 equod
191 961 210 1002 a
232 937 394 1022 plerisque
417 937 623 1002 factumest:
648 935 703 1021 qui
723 939 799 1003 dum
818 938 936 1003 diserte
955 941 1087 1024 loquun-

72 1034 134 1092 tur
162 1027 310 1110 rusticir,
337 1025 481 1091 adsecuti
505 1030 595 1110 sunt,
620 1030 658 1091 ut
682 1048 793 1092 eorum
816 1027 964 1092 doctrina
987 1052 1045 1095 nec
1070 1053 1089 1094 a

73 1115 303 1182 disertissimis
326 1116 431 1199 possit
453 1115 605 1200 intelligi.
643 1117 699 1180 scd
720 1138 779 1180 nos
798 1117 980 1181 recidamus
999 1140 1088 1202 prae-

74 1205 214 1270 fationis
242 1227 380 1287 moram,
411 1226 466 1287 ne,
499 1225 580 1288 quos
609 1204 886 1288 reprehendimus,
915 1204 1088 1270 imitemur.

77 1293 250 1359 dicendum
269 1296 377 1358 autem
395 1293 491 1357 nobis
510 1296 568 1377 est,
593 1293 620 1358 si
641 1292 751 1358 diuina
768 1293 919 1378 fauerint,
942 1295 980 1358 de
1000 1297 1088 1359 omni
1112 1296 1131 1357 2

28 1411 59 1450 ιο
78 1384 281 1469 agricultura
308 1386 341 1446 et
368 1381 497 1466 pascuis
522 1386 556 1446 et
580 1382 734 1447 aedificiis
758 1381 889 1447 rusticis
913 1383 1088 1448 secundum

76 1471 259 1536 fabricandi
285 1471 463 1557 magistros
491 1475 524 1534 et
551 1492 653 1555 aquae
676 1470 919 1536 incentionibus
944 1475 977 1536 et
1001 1474 1089 1537 omni

78 1583 198 1647 genere
231 1582 356 1645 eorum,
389 1582 471 1644 quae
503 1560 557 1624 uel
589 1559 695 1635 facere
726 1560 778 1625 uel
807 1562 932 1625 nutrire
961 1564 1090 1645 oportet

78 1649 257 1734 agricolam
285 1650 411 1714 ratione
440 1649 620 1732 uoluptatis
649 1653 682 1713 et
708 1648 849 1733 fructus,
883 1650 950 1714 suis
979 1655 1090 1715 tamen

77 1739 282 1823 temporibus
308 1759 367 1822 per
399 1738 552 1802 uniuersa
584 1738 755 1803 distinctis.
808 1760 885 1804 sane
912 1739 947 1803 in
974 1739 1089 1822 primis

31 1854 61 1894 15
77 1829 143 1892 hoc
167 1849 294 1892 servare
317 1825 482 1909 constitui,
506 1830 544 1891 ut
563 1848 600 1891 eo
619 1848 739 1912 mense,
763 1849 826 1911 quo
845 1827 995 1912 ponenda
1013 1832 1090 1892 sunt

79 1916 224 2002 singula,
247 1937 319 1980 cum
344 1938 403 1980 sua
426 1915 515 1980 omni
539 1937 678 2000 exequar
700 1915 880 2002 disciplina.

79 2128 140 2194 DE
162 2127 401 2205 QVATTVOR
421 2126 574 2211 REBVS,
594 2126 756 2203 QVIBVS
774 2125 1089 2194 AGRIOVLTVRA

468 2232 703 2301 OONSISTIT.

145 2359 257 2425 Primo
284 2358 387 2444 igitur
415 2358 555 2444 eligendi
583 2361 616 2423 et
642 2360 724 2422 bene
751 2357 877 2423 colendi
905 2356 976 2444 agri
1004 2361 1087 2425 ratio
1106 2359 1140 2425 ll

31 2477 63 2516 20
78 2453 236 2534 quattuor
252 2448 348 2513 rebus
364 2452 501 2532 constat,
520 2469 603 2530 aere,
622 2469 714 2532 equa,
732 2450 829 2532 terre,
846 2446 1016 2513 industria.
1050 2472 1087 2514 ex

77 2538 132 2607 his
159 2538 224 2602 tria
249 2537 424 2618 naturalia,
450 2559 551 2601 unum
578 2535 745 2601 facultatis
770 2541 802 2601 et
824 2538 1005 2603 uoluntatis
1029 2543 1087 2602 est.

76 2632 216 2691 naturae
244 2629 306 2710 est,
335 2625 420 2708 quod
444 2625 479 2689 in
502 2625 615 2709 primis
640 2628 785 2708 spectare
809 2631 953 2711 oportet,
981 2631 1018 2690 ut
1042 2628 1087 2690 eis

77 2716 170 2798 loeis,
185 2736 266 2798 quae
282 2714 386 2779 colere
400 2713 587 2798 destinabis,
603 2736 657 2779 aer
671 2711 715 2778 sit
729 2714 878 2780 salutaris
894 2719 927 2779 et
938 2716 1088 2800 clemens,

78 2826 164 2888 aqua
191 2803 332 2868 salubris
360 2806 393 2868 et
421 2803 541 2888 facilis,
569 2803 621 2868 uel
645 2804 692 2868 ibi
714 2826 849 2869 nascens
873 2804 926 2867 uel
949 2803 1087 2868 adducta

35 2919 63 2960 25
78 2893 131 2957 nel
151 2893 256 2957 imbre
273 2893 418 2976 collecta,
437 2896 525 2957 terra
538 2915 616 2957 uero
631 2892 768 2957 fecunda
783 2896 815 2956 et
830 2892 896 2955 situ
911 2892 1086 2956 commoda.

152 3037 166 3084 1
189 3032 251 3102 Tps
273 3032 366 3086 titulos
388 3038 451 3086 unte
473 3032 584 3101 stapulo
606 3033 699 3100 capitu
718 3032 844 3085 omittunt
866 3033 875 3100 ΙΙ
898 3036 914 3083 3
934 3029 972 3082 sis
993 3028 1029 3098 ρ’
1047 3031 1088 3099 (irc

77 3105 213 3174 margine)
234 3105 326 3173 ineps
342 3104 346 3173 Ι
362 3102 498 3156 extimare
517 3104 528 3154 i
550 3105 559 3171 ΙΙ
582 3108 598 3155 4
617 3103 736 3156 rhetoris
757 3102 815 3171 QV
835 3104 843 3170 ll
867 3108 882 3155 6
903 3099 1033 3167 asequuti
1053 3101 1087 3169 G,

76 3175 132 3228 hoc
148 3176 333 3241 assequuntur
346 3191 360 3228 8
376 3176 379 3243 Ι
397 3179 411 3226 7
432 3191 449 3227 a
462 3172 641 3243 peritissimis
655 3191 669 3228 s
682 3176 691 3243 ll
705 3180 720 3226 9
741 3190 758 3226 a
772 3171 852 3225 nobis
865 3172 891 3225 G
907 3173 910 3242 l
932 3174 975 3226 est
989 3173 1088 3226 omittit

78 3247 110 3300 E
123 3248 127 3315 Ι
144 3245 249 3299 fauerit
267 3244 410 3298 dementia
424 3246 450 3298 V
460 3247 469 3314 u
485 3250 516 3296 11
538 3247 566 3297 et
581 3261 671 3311 aquae
686 3245 712 3298 V
723 3245 754 3297 in
766 3261 875 3311 rasura,
891 3259 1041 3312 earumque
1055 3243 1086 3314 Q,

78 3333 231 3384 eorumque
249 3317 302 3369 iac
319 3319 328 3385 ll
348 3322 380 3368 13
399 3315 573 3368 ususfructus
593 3316 628 3369 iu
641 3319 650 3384 ΙΙ
670 3321 703 3368 14
722 3315 757 3368 de
776 3318 839 3386 (pro
858 3313 898 3383 in)
920 3314 957 3384 φ
975 3332 1060 3384 supra
1081 3315 1084 3387 l

77 3388 169 3459 pomis
182 3388 333 3457 QSTGE
347 3387 477 3455 impomis
492 3388 523 3454 V,
538 3386 585 3440 uel
599 3385 629 3439 in
643 3385 739 3456 primis
754 3387 776 3440 S
788 3388 819 3440 c'n
832 3387 955 3455 margine
969 3389 977 3455 ll
991 3393 1024 3440 21
1045 3389 1087 3440 est

78 3462 207 3514 mninwnt
232 3458 338 3529 Gacps
360 3461 369 3528 {l
392 3465 425 3511 22
449 3461 552 3511 natura
577 3458 602 3512 G
624 3461 628 3527 ι
648 3459 771 3530 spectari
793 3457 836 3527 G,
857 3460 1026 3527 suspectare
1041 3458 1117 3551 Q,

79 3537 113 3583 23
126 3529 284 3596 salubrisp,
299 3529 440 3584 naturalis
454 3531 487 3585 Ε
498 3533 508 3603 {l
522 3537 557 3588 24
574 3530 693 3589 aliunde
709 3534 788 3606 lente
803 3530 947 3600 adducta}
958 3529 1063 3582 tusertt
1075 3523 1103 3572 (t

950 3618 968 3647 'R

929 3626 952 3674 Χ
