2378 3832
112 183 174 248 166
492 215 494 218 -
529 185 700 239 PALLADH

109 330 255 395 tudinem
279 334 387 395 seruet
410 334 508 414 atque
531 331 770 416 pinguedinem.
817 330 903 395 uitia
926 331 1009 396 casei
1029 332 1096 412 sunl,

110 418 138 483 si
161 423 218 482 aut
242 418 346 483 siccus
371 419 415 483 sic
439 423 496 484 aul
517 419 700 484 fistulosus:
731 419 818 504 quod
841 420 985 505 eueniet,
1010 419 1034 483 si
1054 421 1096 482 aul
1140 442 1142 459 ¹

109 529 225 591 parum
247 512 415 590 prematur
438 513 495 572 aut
518 508 601 572 sales
624 507 745 573 nimios
769 509 910 592 accipiat
934 513 990 573 aui
1012 508 1095 572 calore

111 595 191 660 solis
210 599 332 660 uratur.
360 596 395 661 in
412 596 533 662 recent-i
550 617 643 661 caseo
658 597 857 663 conficiendo
872 595 976 682 aliqui
988 596 1095 662 nucleos

108 683 229 749 uirides
262 684 376 768 pineos
404 689 515 750 terunt
543 690 640 769 atque
668 686 716 750 ila
744 685 830 751 lacte
861 687 967 750 mixto
998 685 1118 771 gelacia

65 772 210 856 deliqui
247 775 398 858 thymum
434 775 549 839 tritum
587 778 620 839 et
650 774 838 858 frequenter
869 775 1012 841 colatum
1040 793 1094 837 con·
1140 816 1142 849 ,

108 862 228 947 gelant.
275 862 541 948 qualemcumque
570 863 669 927 etiarn
693 885 843 946 saporem
866 862 964 947 uelis,
993 861 1093 927 efficere
1139 852 1142 949 1

107 951 231 1034 poteris
255 951 390 1036 adiecto,
415 953 500 1036 quod
522 952 669 1038 elegeris,
692 952 898 1018 condimento
921 974 978 1017 seu
996 947 1093 1036 piperis
1140 952 1142 977 ⁵

108 1061 166 1104 seu
189 1040 418 1124 cuiuscumque
441 1040 612 1127 pigmenti.
831 1039 833 1045 ’
972 1070 974 1073 ·
1140 1058 1142 1063 ·

483 1271 543 1336 un
569 1269 739 1337 laruas.
1104 1250 1119 1325 l

53 1393 83 1458 X
172 1395 243 1460 Hoc
277 1418 386 1459 mense
416 1395 576 1480 incipiunt
609 1395 722 1481 augeri
754 1394 902 1460 examina
934 1400 968 1460 et
1000 1394 1032 1459 in
1059 1413 1095 1457 ex-

106 1485 220 1548 tremis
251 1484 403 1549 fanorum
435 1485 585 1568 partibus
615 1486 754 1549 maiores
783 1489 935 1548 creantur
963 1482 1096 1568 apiculae,

107 1594 185 1654 quas
209 1572 310 1656 aliqui
334 1594 426 1658 reges
449 1577 579 1656 putant:
608 1574 664 1638 sed
688 1571 804 1638 Graeci
832 1594 888 1637 eos
913 1577 1036 1637 oestrus
1058 1590 1095 1652 ap

106 1660 229 1742 pellant
261 1665 294 1725 et
325 1663 433 1726 necari
465 1662 592 1746 iubent,
630 1662 706 1746 quia
742 1661 887 1746 requiem
925 1660 1097 1727 concutiunt

107 1747 302 1831 quiescentis
325 1749 490 1815 examinis.
526 1772 611 1815 nunc
632 1750 812 1835 papiliones
832 1751 1008 1834 abundant,
1031 1763 1121 1834 quoru

105 1859 256 1902 necemus
280 1860 383 1924 more,
406 1861 470 1924 quo
495 1839 568 1904 dixi.

274 2069 333 2134 Du
356 2068 629 2137 PAVIMENTIS
652 2069 710 2135 ΕΤ
735 2067 947 2136 SOLARHS.

53 2192 100 2257 XI
171 2193 267 2260 Nunc
291 2194 376 2259 circa
399 2198 578 2258 extremum
602 2216 745 2258 mensem
767 2192 958 2277 pauimenta
980 2193 1015 2259 iu
1033 2194 1104 2259 sola

105 2283 162 2346 riis
185 2285 281 2348 fiunt:
305 2305 387 2366 quae
410 2285 445 2347 in
467 2282 595 2368 frigidis
619 2281 807 2368 regionibus
831 2288 874 2366 et,
899 2284 957 2347 ubi
981 2283 1103 2368 pruinae

106 2375 190 2454 suut,
213 2373 315 2458 glacie
340 2373 580 2456 suspenduntur
602 2377 636 2435 ei
658 2376 802 2455 pereunt.
841 2372 896 2436 sed
916 2370 944 2436 si
963 2373 1027 2438 hoc
1044 2372 1129 2456 plau

106 2460 222 2541 cuerit,
255 2466 436 2525 sternamus
466 2460 609 2544 duplices
638 2461 765 2525 ordines
793 2460 982 2526 tabularum
1010 2467 1104 2526 trans·

106 2569 216 2612 uersos
240 2553 336 2633 alque
356 2550 496 2613 directos
515 2554 548 2613 ei
566 2549 693 2632 paleam
711 2549 764 2612 uel
782 2549 902 2613 filicem
921 2571 1022 2634 supra
1041 2572 1105 2615 con·

107 2636 279 2702 stituemus
303 2637 489 2723 aequaliter.
528 2638 738 2722 aequabimus
761 2659 849 2721 saxo,
873 2638 960 2721 quod
981 2659 1106 2703 manum

62 2725 211 2808 2p0ssil
237 2727 368 2810 inplere.
414 2727 593 2810 pedaneum
621 2749 719 2810 super
745 2727 844 2790 rudus
873 2726 1056 2792 inducimus
1079 2728 1107 2790 el

106 2815 239 2878 adsiduo
262 2821 354 2881 necle
378 2816 563 2880 densamus:
586 2819 673 2899 tunc,
697 2818 872 2898 antequam
895 2816 998 2881 rudus
1019 2816 1134 2880 sicce-a

177 2971 308 3025 2euenic
325 2973 356 3026 E
379 2974 383 3042 1
409 2974 459 3026 auc
477 2971 501 3025 si
519 2973 611 3042 ineps
638 2975 647 3041 11
674 2978 764 3026 3n0n
783 2971 853 3026 satis
870 2989 922 3042 pro
940 2989 1042 3042 parum
1062 2973 1106 3027 G*

106 3042 197 3096 colore
218 3042 294 3112 11114
313 3043 448 3096 aduratur
465 3043 496 3096 E
507 3045 545 3112 115
566 3045 651 3111 atque
669 3060 719 3097 cm.
737 3042 882 3166 01111110
900 3044 976 3098 lactc
996 3046 1087 3115 iacps

106 3113 338 3184 aliqui-gelam
351 3131 400 3168 om.
415 3115 442 3168 L
455 3117 464 3183 11
479 3120 494 3166 6
509 3113 609 3167 timum
624 3113 695 3167 SE¹
709 3116 717 3182 11
732 3119 748 3168 8
763 3131 777 3168 e
790 3113 874 3185 igeris
893 3115 970 3185 17119
987 3115 1110 3170 alterius·

106 3202 224 3254 cumque
242 3186 273 3239 E
298 3188 307 3255 11
335 3191 367 3239 11
391 3185 450 3239 Hoc
470 3184 556 3238 etiam
573 3201 668 3238 mense
686 3185 717 3238 E
740 3188 744 3254 1
770 3184 877 3239 semina
894 3186 921 3238 L
948 3189 957 3256 11
987 3194 1020 3241 12
1040 3202 1110 3241 crea·

106 3258 152 3309 iur
173 3258 217 3326 Qu
233 3263 265 3310 13
291 3259 397 3310 costros
417 3256 610 3326 PLQVGS,
629 3258 734 3309 costros
753 3257 789 3325 E,
808 3273 905 3310 necros
924 3257 961 3325 Ε,
983 3260 1077 3324 οἴςρος
1093 3258 1110 3323 i,

107 3329 218 3396 οἴςρους
236 3346 313 3399 ceps
338 3331 341 3397 1
367 3329 470 3382 uocant
484 3345 507 3395 p
529 3329 538 3396 11
567 3333 599 3380 16
618 3326 694 3395 quod
708 3343 761 3394 pro
780 3344 835 3394 quc
854 3328 881 3380 L
903 3331 912 3398 11
944 3334 977 3382 19
997 3328 1111 3383 mittunt

102 3414 155 3464 pro
173 3398 244 3452 fiunt
262 3400 293 3453 E
306 3402 374 3524 1120
394 3399 443 3453 sed
461 3415 511 3453 om.
528 3398 554 3452 G
572 3401 581 3466 11
604 3404 637 3451 22
657 3396 749 3450 silices
764 3416 787 3466 p
803 3401 807 3469 1
824 3399 1033 3453 substernemus
1048 3417 1087 3469 ps
1103 3397 1112 3469 11

101 3472 138 3519 23
161 3471 192 3522 et
213 3486 306 3541 aequa
322 3469 374 3526 ‘ter
395 3471 571 3545 Qch'u09,
594 3471 624 3522 el
646 3467 826 3538 laeuualilerl
847 3487 860 3522 s
883 3471 900 3537 11
920 3475 957 3522 24
977 3470 1056 3524 rudis
1079 3470 1111 3536 L,

84 3539 176 3594 rudos
198 3542 262 3614 QV
271 3545 280 3618 1
294 3543 470 3603 inducamus
490 3545 521 3601 Ε

13 3686 30 3769 l
