2378 3832
382 164 388 170 ’
461 183 578 240 norro.
593 184 620 238 Π
635 189 739 238 15-18

282 436 343 502 DII
368 435 608 502 SIGNANDIS
631 435 911 502 ANIMALIBVS

143 545 200 610 ΕΤ
222 543 361 610 LARDI
383 543 440 608 ET
463 541 713 608 PERNARVM
737 541 1049 610 ΟΟΝΕΕΟΤΙΟΝΕ

356 650 414 716 ΕΤ
436 648 593 717 ΕΟΗΙΝΙ
614 649 672 714 ΕΤ
695 649 834 715 RAPIS.

152 776 227 842 Hoc
247 798 370 859 mense,
390 776 475 841 sieut
494 773 675 841 Columella
694 775 786 860 dicit,
809 776 929 840 maturi
948 779 1025 862 agni
1072 775 1153 841 XVI

65 864 121 924 ⁵et
156 865 312 930 animalia
345 866 452 929 omnia
481 867 607 929 minora
636 869 741 949 atque·
761 865 885 929 maiora
913 865 1099 930 charactere

81 948 270 1040 signentur.
314 954 376 1019 hoc
404 957 550 1037 tempore
578 948 676 1039 lardI,
704 953 810 1018 echini
834 953 921 1037 salsi,
944 977 1099 1038 raporum

79 1044 343 1108 condiendorum
366 1047 400 1107 et
421 1064 596 1127 pernarum
618 1042 705 1108 iusta
729 1042 889 1108 confectio
913 1047 973 1108 est.

373 1273 434 1338 DE
460 1271 575 1339 ΟΕΕΟ
599 1271 813 1338 MYRTINO.

151 1399 225 1465 Hoc
252 1419 360 1463 meuse
383 1399 473 1463 bacis
497 1403 623 1482 myrtae
648 1398 755 1463 oleum
779 1398 928 1463 conficies
951 1397 1014 1462 hoc
1055 1397 1152 1463 XVII

32 1493 51 1533 ¹⁰
67 1489 192 1554 modo.
228 1488 359 1553 unciam
381 1486 535 1553 foliorum
561 1509 620 1572 per
644 1487 707 1552 olei
729 1509 827 1553 unam
850 1487 969 1551 libram
988 1486 1099 1550 mittes

68 1583 118 1642 et
141 1599 204 1663 per
226 1576 338 1641 uncias
362 1577 472 1642 decem
495 1575 564 1640 uini
587 1576 707 1640 ueteris
727 1577 861 1661 styptici
880 1575 1047 1641 heminam
1066 1581 1099 1639 et

65 1680 160 1732 eum
188 1665 261 1731 oleo
291 1665 408 1730 bullire
434 1664 543 1730 facies.
590 1665 709 1730 idcirco
738 1670 847 1730 autem
872 1665 948 1729 uino
974 1673 1099 1748 resperss

64 1759 209 1837 guntur
230 1754 323 1838 folia,
345 1777 387 1818 ne
410 1753 588 1839 frigantur,
612 1758 787 1838 antequam
812 1757 1042 1839 decoquantur.

378 1983 437 2049 DE
461 1983 571 2050 VINO
596 1984 804 2050 MYRTITE.

17 2115 43 2155 1⁵
149 2109 234 2176 Item
259 2110 380 2175 eisdem
402 2110 491 2174 bacis
515 2111 627 2175 uinum
650 2110 784 2195 myrtite
809 2111 855 2175 sic
877 2109 986 2176 facies.
1030 2109 1145 2177 XVIII

68 2196 116 2265 in
145 2199 214 2264 uini
242 2199 362 2263 ueteris
391 2201 541 2264 sextariis
568 2197 690 2264 urbicis
718 2200 828 2263 decem
851 2198 963 2262 mittes
987 2221 1090 2285 grana

73 2293 211 2374 myrtae
243 2288 409 2353 confracta
442 2289 599 2352 sextarios
631 2286 760 2352 urbicos
793 2291 876 2368 tres,
909 2308 990 2370 quae
1023 2289 1091 2353 sint

76 2379 194 2443 decem
217 2381 250 2442 et
272 2398 390 2442 nouem
409 2378 521 2442 diebus
540 2377 656 2441 infusa.
692 2380 807 2459 postea
826 2377 986 2460 expressis
1005 2401 1089 2462 myr-

78 2471 136 2532 tae
164 2466 275 2552 granis
304 2466 427 2532 celabis
456 2471 489 2530 et
516 2467 550 2530 in
578 2488 616 2530 eo
640 2464 716 2529 uino
740 2465 881 2530 medium
905 2467 991 2533 croci
1014 2469 1092 2534 scri-

29 2563 63 2609 20
81 2555 197 2641 pulum
225 2559 257 2619 et
284 2554 357 2620 folii
383 2578 484 2619 unum
512 2554 690 2638 scripulum
717 2554 828 2618 mittes
856 2559 890 2619 et
917 2577 956 2620 ex
984 2557 1090 2622 mellis

84 2645 203 2729 optimi
227 2645 337 2708 decem
358 2644 453 2708 libris
477 2645 586 2709 omnia
609 2643 814 2728 temperabis.

155 2843 172 2890 2
194 2835 242 2890 ΕΤ
259 2835 529 2890 LARDI-RAPIS
547 2854 597 2891 om.
616 2837 648 2890 E
672 2839 681 2906 l
713 2841 729 2889 3
748 2834 849 2889 CHINI
869 2836 903 2906 Q,
923 2836 1022 2890 EPINI
1040 2837 1068 2890 V
1088 2838 1093 2907 Ι

84 2907 130 2960 ΕΤ
153 2906 259 2961 RAPIS
281 2924 331 2962 em.
351 2908 378 2961 V
396 2908 406 2980 ll
429 2914 444 2961 6
469 2907 617 2978 signantur
638 2907 692 2988 E]
718 2906 785 2960 salis
804 2907 835 2960 E
858 2907 862 2978 Ι
887 2923 1017 2976 saporum
1035 2909 1066 2961 E

85 2985 100 3033 9
123 2995 156 3033 ex
183 2978 278 3032 baccis
305 2978 405 3049 (bacis)
428 2980 554 3049 Eiecps
579 2982 582 3049 Ι
607 2981 692 3048 myrtr
713 2979 836 3048 Giaeps
861 2980 865 3047 Ι
891 2978 1011 3032 confioili
1035 2980 1066 3032 E

86 3056 118 3103 10
141 3049 280 3104 Unoinam
301 3051 327 3105 G
342 3053 346 3120 Ι
362 3049 465 3103 libram
488 3067 574 3103 unam
591 3052 718 3120 Eiacps
731 3052 740 3119 ll
753 3048 850 3102 mittas
869 3051 903 3117 P,
927 3049 1017 3103 mittis
1036 3050 1063 3103 I.

88 3121 270 3176 VSEI‘GF
293 3124 303 3191 ll
331 3128 362 3174 11
387 3121 436 3174 uni
456 3121 512 3191 Pp
541 3125 544 3190 Ι
575 3120 743 3190 stypiciLss
758 3127 790 3174 12
812 3119 913 3174 iccirco
936 3122 990 3176 ior
1019 3124 1022 3188 Ι
1052 3137 1095 3174 re·

83 3194 318 3318 {Effiglllltla’
342 3194 761 3334 rtrtssttltssltlltt
771 3190 1096 3336 llflgffllllll’ll

85 3339 117 3388 15
144 3282 265 3403 riryrtete
290 3271 508 3403 (il'myrteilum
527 3336 557 3388 E
582 3337 591 3404 ll
620 3340 652 3388 16
679 3333 769 3388 mIttis
797 3351 886 3389 omues
916 3335 927 3414 ll
955 3341 987 3388 17
1016 3265 1092 3389 mirti

84 3405 189 3475 (myrti)
207 3406 330 3476 Giacps
345 3407 350 3476 Ι
367 3405 501 3460 sextarios
516 3405 627 3460 urbicos
640 3409 697 3459 tres
712 3422 761 3460 om.
773 3424 796 3474 p
808 3408 817 3475 ΙΙ
833 3410 865 3458 18
884 3408 984 3460 mutae
998 3406 1093 3477 granis

84 3494 133 3532 cnr.
152 3495 186 3546 p,
210 3475 295 3545 myrti
313 3478 408 3546 praet.
426 3478 548 3551 Giocps
561 3480 571 3549 ll
585 3485 617 3532 19
640 3476 756 3532 bacchis
773 3493 823 3548 pro
841 3476 952 3531 colatis
967 3481 1100 3548 plsam-

77 3548 176 3614 pulum
193 3549 323 3619 Ee'acys
333 3551 347 3620 ll
360 3554 394 3603 20
413 3548 507 3608 mittis
526 3569 621 3611 moues
