2378 3832
507 40 516 79 l

479 188 596 284 asaro.
610 189 662 244 llll
676 198 690 245 1
1026 191 1088 255 117

155 461 216 527 ΒΕ
240 459 464 526 PVTANDIS
487 459 640 526 VlNEIS
664 460 721 525 ΕΤ
744 458 1016 528 INsuanNDIS

312 569 369 635 ΕΤ
391 566 646 634 PANGENDIS
671 566 859 652 VITIBVS.

146 693 220 759 Hoc
251 716 361 759 mense
392 693 472 759 locis
500 691 630 778 frigidis
657 692 785 777 putatio
813 693 983 757 uinearum
1010 693 1090 758 cele·
1116 693 1134 758 I

68 782 240 869 brabstur,
257 783 296 847 de
317 805 381 867 qua
399 783 525 847 abunde
543 781 707 847 februario
727 804 836 846 mense
850 782 953 847 locuti
967 804 1088 861 sumus,
1108 866 1109 871 ἵ

37 894 184 956 ausque
207 894 272 957 quo
294 871 411 956 incipit
433 892 564 957 gemma
587 893 656 936 esse
676 875 836 955 suspecta.
872 893 958 936 nunc
976 871 1088 936 uineas

74 964 213 1045 oportet
244 961 399 1044 inserere,
432 981 505 1026 cum
537 960 621 1024 uites
653 981 720 1024 non
748 964 867 1044 aquato
900 961 955 1025 sed
983 962 1088 1045 spisso

74 1071 194 1115 umore
217 1050 443 1115 lacrimabunt.
480 1049 682 1122 seruabimus
702 1069 789 1134 ergo,
813 1052 850 1113 ut
868 1052 1011 1134 truncus,
1035 1050 1091 1133 qui

75 1137 253 1222 inseritur,
289 1138 413 1203 solidus
451 1138 494 1202 sit
527 1143 561 1202 et
578 1138 747 1202 'alimento
780 1138 903 1202 umoris
936 1138 1090 1202 exuberet

76 1249 185 1312 neque
221 1227 289 1292 ulla
324 1231 489 1293 uetustate
522 1231 580 1291 aut
611 1227 730 1291 iniuria
761 1226 922 1292 laceratus
956 1230 1091 1291 arescat.

28 1346 62 1385 ιο
78 1322 161 1381 tunc
180 1317 304 1382 decisae
323 1314 386 1381 uiti
404 1315 526 1380 surculi
545 1315 602 1399 qui
620 1316 782 1380 inserendi
801 1320 886 1397 sunt,
905 1315 971 1380 sint
986 1314 1090 1397 solidi,

77 1404 221 1490 rotundi,
241 1405 379 1491 gemmis
399 1405 513 1489 spissis
528 1409 561 1469 et
574 1402 723 1489 pluribus
739 1405 869 1469 oculati.
897 1409 964 1469 tres
979 1409 1090 1468 tamen
1113 1407 1133 1472 2

78 1494 168 1560 oculi
196 1494 231 1558 in
254 1494 407 1559 insitione
431 1493 603 1560 sufficient.
648 1492 824 1558 radendum
848 1497 898 1558 est
922 1515 1000 1581 ergo
1025 1514 1090 1558 sar·

77 1588 227 1648 mentum
251 1584 291 1648 ad
314 1604 499 1647 mensuram
522 1581 700 1667 digitorum
724 1584 875 1666 duorum,
899 1588 937 1648 ut
961 1584 1001 1648 ab
1025 1605 1090 1648 una

76 1675 174 1756 parte
198 1673 242 1736 sit
265 1675 383 1738 cortex.
421 1670 523 1755 aliqui
545 1694 611 1738 non
633 1671 804 1756 patiuntur
826 1673 946 1737 nudam
969 1673 1090 1737 medul-

29 1789 62 1829 15
77 1760 162 1846 lam,
185 1762 241 1827 sed
264 1761 383 1826 leuiter
405 1761 536 1845 radunt,
558 1765 596 1825 ut
618 1761 760 1826 incisura
783 1763 904 1826 sensim
927 1761 1033 1846 possit
1055 1762 1090 1825 in

78 1869 217 1915 acumen
244 1850 330 1914 exire
359 1854 392 1914 et
420 1848 578 1915 corticata
604 1872 680 1935 pars
709 1851 824 1916 cortici
846 1873 950 1916 nouae
974 1849 1089 1916 matris

78 1942 221 2021 aptetur.
262 1939 392 2002 infimus
417 1938 529 2003 oculus
552 1939 601 2003 ita
623 1939 806 2024 infigendus
831 1944 890 2022 est,
915 1944 953 2004 ut
975 1944 1090 2004 trunco

78 2027 211 2092 iunctus
231 2026 419 2093 adhaereat:
438 2027 494 2111 qui
513 2028 625 2093 oculus
646 2028 840 2093 exteriorem
854 2032 981 2113 partem
995 2027 1092 2092 debet

79 2116 234 2201 aspicere,
257 2115 388 2181 uinculo
408 2116 517 2181 salicis
536 2116 643 2182 infuso
663 2122 696 2181 et
714 2117 845 2200 paleato
865 2116 934 2181 luto
954 2117 1091 2199 desuper

32 2235 63 2275 20
80 2204 225 2290 alligari,
252 2209 441 2292 tegumento
465 2226 593 2290 quoque
617 2205 726 2289 aliquo
751 2228 770 2269 a
792 2205 900 2269 uentis
924 2208 957 2268 et
981 2227 1000 2268 a
1023 2205 1091 2269 sole

79 2293 222 2378 defendi,
249 2317 290 2358 ne
312 2294 363 2359 illi
387 2295 548 2378 quatiant,
570 2294 625 2359 hic
649 2294 772 2359 adurat.
817 2294 875 2358 ubi
899 2293 987 2358 calor
1009 2297 1088 2359 tem·
1112 2298 1133 2362 3

78 2383 170 2467 poris
194 2384 345 2467 coeperit,
367 2383 528 2468 ligaturae
551 2383 615 2468 ipsi
638 2382 790 2467 penicillo
815 2382 900 2447 circa
919 2404 1088 2466 uesperam

80 2473 190 2537 tenuis
209 2471 305 2538 debet
322 2471 509 2556 frequenter
527 2494 622 2537 umor
641 2470 782 2553 adfundi,
801 2477 839 2536 ut
857 2473 920 2538 hoc
934 2472 1089 2538 alimento

81 2564 197 2627 contra
215 2561 282 2626 uim
302 2561 384 2626 caeli
402 2561 557 2626 torrentis
578 2561 748 2626 animetur.
777 2584 851 2626 eum
864 2584 942 2627 uero
958 2583 1091 2648 germen

36 2677 65 2718 aa
81 2650 208 2734 ruperit
231 2654 264 2714 et
290 2649 422 2734 aliquod
445 2651 567 2733 ceperit
589 2650 840 2734 incrementum,
864 2651 981 2716 calami
1004 2653 1091 2717 adiu·

154 2847 168 2895 1
188 2841 236 2895 DE
255 2841 463 2896 POTATIONE
482 2843 677 2896 VINEARVM
690 2843 730 2896 IN
748 2843 872 2897 MENSE
886 2843 1026 2898 MARCIO
1040 2845 1071 2897 E

81 2920 97 2967 3
116 2912 221 2966 Martio
239 2929 335 2967 mense
354 2931 430 2985 ceps
446 2919 449 2984 Ι
467 2913 625 2968 celebratur
642 2915 802 2985 EGc'ocqs
821 2917 830 2984 ΙΙ
849 2921 864 2969 5
884 2914 1018 2984 incipitur
1038 2916 1064 2969 G·

81 2991 97 3038 6
117 2986 227 3054 oportet
246 2983 344 3039 uineas
362 2986 415 3040 ios
430 2988 434 3056 1
451 2985 500 3039 sed
518 3003 568 3040 om.
584 2986 615 3039 E
626 2988 636 3055 l
654 2991 670 3039 9
690 2989 815 3041 acrescat
833 2986 927 3057 Vl1⁰
948 2985 1016 3039 uitis
1035 2986 1067 3038 Ε

82 3061 114 3109 11
134 3054 262 3125 plurimis
280 3057 311 3109 Ε
327 3058 337 3126 ΙΙ
356 3062 389 3109 12
408 3055 544 3110 incisione
559 3063 603 3124 pu
623 3062 656 3111 14
675 3058 781 3110 nudare
800 3074 878 3128 ceps
891 3061 900 3128 ΙΙ
925 3063 957 3112 15
976 3056 1023 3110 uel
1038 3074 1092 3125 pro

80 3127 132 3181 sed
150 3127 177 3181 L
193 3128 197 3197 Ι
213 3125 286 3180 uites
300 3143 354 3195 pro
373 3127 474 3181 leuiter
488 3145 510 3197 p
525 3129 530 3198 Ι
546 3127 709 3182 incacumen
730 3129 774 3198 Qll
790 3135 822 3182 16
843 3131 871 3182 et
889 3131 922 3183 ut
940 3147 966 3197 a,
986 3131 1015 3182 et
1034 3128 1091 3200 [ut]

79 3197 383 3338 11111
403 3198 566 3339 aas
574 3200 803 3341 1111
820 3269 1089 3345 aa

80 3341 158 3396 color
178 3340 204 3395 G
226 3342 236 3410 ΙΙ
258 3345 292 3393 12
312 3339 387 3394 enim
400 3288 455 3410 liro
473 3340 527 3410 ipsi
546 3287 573 3393 Ii
589 3342 593 3413 l
609 3341 746 3410 penicello
767 3344 800 3410 G,
819 3316 946 3411 pinicillo
966 3342 1090 3414 Pasa,

78 3411 214 3484 pinicello
236 3411 266 3480 Τ,
289 3411 437 3480 pinnicillo
456 3411 648 3484 LV'Fa'ocp
675 3415 683 3483 ll
711 3419 744 3466 23
768 3414 854 3468 freter
874 3414 900 3468 G
927 3417 937 3484 ΙΙ
964 3420 999 3468 24
1018 3415 1090 3468 caeli

80 3483 140 3538 uim
162 3484 193 3537 E
221 3485 225 3554 Ι
255 3499 320 3552 ergo
338 3500 392 3552 pro
415 3499 481 3537 uero
507 3485 628 3556 Qiocps
654 3487 667 3556 ll
691 3490 725 3538 ‘25
750 3484 877 3556 eruperit
898 3486 965 3554 Ge„
983 3485 1102 3551 apparu

72 3570 190 3622 germen
206 3554 261 3623 El
274 3554 383 3610 calamo
403 3554 588 3615 adiuuatorio
609 3558 638 3615 Ε
