2378 3832
130 164 195 229 234
550 143 720 216 anunn

129 310 290 377 fecundat.
334 309 441 393 primo
465 309 597 392 seritur,
624 308 738 374 deinde
761 309 985 393 proscinditur
1008 313 1041 374 et
1064 314 1145 375 tuno

131 400 283 465 sulcatur.
326 399 467 463 oceanda
486 402 536 461 est
554 397 655 482 large,
677 401 715 462 ut
737 398 807 482 tegi
828 398 1009 483 plurimum
1026 400 1145 482 possit.

87 489 233 572 2aliqui
262 487 342 552 locis
373 486 501 573 frigidis
532 487 645 551 dicunt
674 487 709 550 in
743 486 838 553 fabae
869 487 998 553 satione
1028 487 1144 573 glebas

129 600 196 644 non
219 599 288 642 esse
311 574 515 661 frangendae,
538 579 575 639 ut
593 597 651 659 per
674 597 729 640 eas
748 575 976 661 gelicidiorum
996 580 1144 661 tempore

129 667 258 752 possint
276 665 423 750 germina
437 665 631 730 obumbrata
650 664 785 729 defendi.
814 665 940 730 satione
959 665 1030 730 eius
1045 687 1144 751 gene·
1168 690 1179 730 ⁵

130 757 184 839 ris,
204 755 288 820 sicut
302 755 411 838 opinio
426 752 535 836 habet,
553 775 619 818 non
632 753 823 818 fecundatur
841 759 938 838 terra,
958 755 1017 818 sed
1035 755 1144 819 minus

129 844 276 908 laeditur.
312 865 389 907 nam
408 841 589 907 Columella
608 843 687 907 dicit
706 863 822 928 agrum
840 843 1015 908 frumentis
1035 843 1145 908 utilio·

130 956 200 998 rem
221 932 369 1017 probari,
395 931 450 1015 qui
474 954 558 996 anno
583 931 742 1014 superiori
764 953 887 996 uacuus
910 931 1021 1014 fuerit,
1045 954 1144 1015 quam

131 1021 187 1106 qui
210 1022 350 1087 calamos
374 1021 524 1085 fabaoeae
549 1020 664 1084 messis
689 1020 806 1084 eduxit.
846 1020 966 1106 pingue
991 1021 1145 1106 iugerum

87 1109 107 1173 3
131 1134 186 1176 sex
214 1112 314 1176 modii
342 1114 515 1194 occupant,
546 1109 707 1174 mediocre
731 1109 880 1194 amplius.
927 1109 1035 1194 spisso
1059 1110 1178 1174 benere

129 1200 292 1286 prouenit:
321 1221 467 1265 macrum
493 1198 604 1262 locum·
629 1198 887 1283 nebulosumque
914 1220 981 1263 non
1006 1199 1143 1283 patitur.

131 1289 307 1354 curandum
330 1286 514 1372 praecipue,
541 1291 579 1350 ut
606 1287 684 1351 luna
713 1287 828 1370 quinta
855 1286 981 1352 decima
1006 1291 1144 1372 seratur,

131 1379 159 1443 si
189 1378 293 1442 adhuc
322 1378 424 1442 ictum
454 1376 532 1441 solis
563 1398 753 1460 repercussa
782 1398 849 1441 non
882 1377 994 1442 sensit.
1042 1376 1144 1462 aliqui

131 1468 242 1531 dicunt
265 1470 415 1550 quartam
439 1465 596 1542 decimam
619 1465 728 1549 potius
753 1465 945 1550 eligendam.
983 1466 1142 1551 sanguine

131 1555 262 1639 caponis
283 1553 398 1618 Graeci
418 1555 570 1618 adserunt
589 1553 684 1618 fabae
704 1555 829 1618 semina
846 1558 1012 1619 macerata
1030 1554 1141 1619 herbis
1155 1576 1177 1617 15

131 1642 378 1708 aduersantibus
401 1665 468 1707 non
494 1643 613 1707 noceri.
659 1664 743 1726 aqua
772 1642 876 1728 pridie
904 1642 1016 1707 infusa
1046 1643 1142 1709 citius

130 1731 235 1815 nasci,
268 1730 393 1795 nitrata
427 1753 511 1816 aqua
542 1753 691 1815 respersa
723 1735 890 1796 cocturam
920 1753 990 1796 non
1022 1732 1142 1797 habere

131 1820 304 1884 difficilem.
341 1842 427 1885 nnnc
451 1820 570 1884 seritur
593 1819 701 1904 prima
723 1820 887 1901 lenticula,
911 1822 998 1885 sicut
1018 1821 1142 1886 februa·

130 1910 179 1974 rio
203 1931 313 1974 mense
335 1913 505 1973 narratum
529 1914 588 1974 est.
632 1908 696 1974 hoo
724 1908 824 1973 etiam
846 1913 919 1974 toto
949 1932 1061 1975 mense
1085 1931 1141 1994 po-

130 1998 208 2063 terit
232 1998 290 2062 lini
314 2019 424 2063 semen
447 1998 583 2083 aspergi.
1153 2019 1174 2060 10

132 2231 191 2295 Du
216 2227 371 2294 PRATIS
395 2227 529 2294 NOVIS
557 2226 883 2313 INSTITVnNffls
915 2227 1139 2294 PONENDIS

131 2335 307 2402 VlTlBVS
322 2335 379 2401 ΕΤ
393 2333 707 2401 PROPAGANDIS
723 2334 780 2399 ET
792 2333 1141 2402 CIROVMFODIEN·

192 2441 264 2507 DIS
287 2441 509 2508 NOVELLIS
533 2441 590 2509 Ao
614 2441 886 2508 REOIDENDIS
910 2441 1092 2509 MERGIS.

51 2568 111 2656 'll
203 2566 243 2631 In
273 2568 369 2632 huius
402 2567 541 2632 maxime
573 2567 734 2652 principio
766 2589 939 2650 possumus
971 2566 1139 2632 instituere

131 2679 217 2722 noua
247 2660 343 2741 prata
373 2679 476 2738 more,
506 2677 569 2740 quo
598 2656 720 2721 dictum
748 2660 806 2720 est.
850 2655 913 2721 hoo
942 2656 1042 2721 etiam
1070 2659 1167 2720 totos

46 2787 52 2804 .
132 2768 241 2810 mense
270 2745 348 2810 locis
378 2745 489 2810 calidis
519 2750 551 2809 et
580 2744 673 2810 siccis
701 2745 755 2809 uel
785 2745 904 2829 apricis
933 2745 997 2809 erit
1025 2744 1139 2810 uitium

132 2835 324 2900 celebranda
346 2835 477 2918 positio.
521 2856 607 2898 nuno
631 2838 663 2897 et
686 2855 832 2919 propago
856 2834 926 2897 iure
951 2834 1089 2900 ducetur
1111 2834 1139 2897 et

205 3033 218 3080 1
238 3027 371 3080 fecundet
386 3027 446 3081 GT
461 3027 565 3096 torpe,
589 3025 692 3080 fundat
705 3026 736 3079 F
749 3029 753 3095 Ι
769 3027 836 3078 tunc
851 3041 900 3080 om.
915 3027 942 3080 L
956 3029 965 3096 ΙΙ
979 3033 996 3079 3
1011 3025 1138 3096 glebas—

134 3098 242 3152 satione
261 3114 311 3151 om.
331 3099 361 3152 E
379 3100 389 3166 ΙΙ
411 3104 428 3150 4
447 3095 643 3167 gelicidiarum
662 3097 718 3150 PL
729 3097 873 3151 VGSFt
894 3099 903 3166 ll
924 3104 939 3150 ὃ
959 3096 1089 3167 gramina
1107 3097 1139 3163 il

135 3168 320 3223 tcolomella
344 3170 371 3222 P
400 3171 409 3238 ΙΙ
446 3175 461 3222 8
488 3167 629 3238 superiore
654 3168 794 3238 GFocps
825 3171 834 3237 ll
867 3168 1012 3238 9pingue
1031 3185 1080 3222 om.
1096 3184 1139 3236 pp

135 3246 165 3294 11
186 3242 312 3294 Macrum
330 3257 397 3294 uero
418 3241 443 3293 Τ
466 3241 470 3310 Ι
496 3239 585 3293 solum
601 3257 653 3308 pro
671 3239 764 3292 locum
783 3240 875 3309 iacps
898 3241 907 3308 ll
931 3245 964 3292 12
984 3239 1140 3294 Curandum

134 3306 1140 3381 0011αο90,Ου1011ᾶι1111011οΕ11130011010εἰΕΙΑΗίΒΙΙΙΙῚηαεοί

133 3383 233 3436 011οΕ
265 3384 269 3447 1
303 3383 409 3436 intrata
428 3383 458 3436 E
488 3387 497 3448 11
529 3387 561 3434 23
585 3381 694 3435 NOVlS
713 3381 744 3435 Ε
777 3381 780 3453 l
814 3379 949 3434 MERGIS
972 3398 1025 3435 om.
1045 3382 1079 3450 L,
1098 3377 1139 3433 Ac

130 3452 349 3508 RECIDENDIS
368 3453 503 3508 Mauors
518 3469 568 3507 om.
588 3455 641 3507 loc
654 3456 666 3523 ll
678 3458 712 3505 24
725 3451 846 3506 1110111110
860 3451 963 3506 mensis
978 3470 1004 3521 a,
1023 3451 1140 3506 maxime

116 3523 257 3598 [mensis]
274 3529 403 3600 0901126
424 3526 472 3583 uel
493 3523 600 3598 apricis
619 3541 672 3580 orn·
690 3541 718 3592 1)·
