2370 3832
86 175 153 241 220
507 171 678 227 enumnn

88 325 141 386 tos
169 318 300 405 parabit
328 323 361 384 et
392 319 427 384 in
458 318 510 383 his
543 317 681 402 pistacia
712 321 807 382 terna
841 318 1035 402 constituet,
1064 322 1098 382 ut

88 433 127 475 ex
151 408 300 473 omnibus
325 429 457 494 germen
481 407 705 491 quodcumque
728 407 903 490 procedat:
931 407 1027 491 quod,
1046 405 1099 472 ubi

90 496 292 563 conualuerit
324 497 449 581 planta,
480 495 557 561 hinc
587 495 716 560 facilius
744 495 970 563 transferatur
996 516 1099 560 meuse

89 584 262 650 februario.
308 591 397 651 amat
419 586 528 650 locum
552 584 705 668 calidum,
733 584 790 648 sed
816 589 987 650 umectum
1009 584 1100 649 etri·

90 674 223 760 gatione
251 675 371 760 gaudet
400 677 434 738 et
462 674 539 739 sole.
584 673 741 737 inseritur
772 672 964 738 terebintho
996 695 1129 738 meuses

91 762 255 846 februario
279 763 331 828 uel
355 762 488 827 martio:
511 767 547 827 at
565 761 622 827 alii
641 767 674 826 et
693 761 870 847 amygdalo
889 763 993 827 inseri
1010 782 1100 846 posse

46 853 68 917 4
90 852 273 916 firmarunt.
312 873 442 917 cerasus
461 855 551 916 amat
569 851 649 917 caeli
668 854 794 915 statum
811 848 982 936 frigidum,
1001 851 1102 916 solum

90 962 169 1005 uero
193 941 368 1025 positionis
391 944 547 1005 umectae.
588 940 622 1004 in
646 938 765 1023 tepidis
788 938 985 1025 regionibus
1006 961 1103 1024 parua

91 1030 253 1114 prouenit.
291 1030 430 1096 calidum
452 1050 519 1093 non
536 1031 647 1113 potest
666 1027 837 1093 sustinere.
875 1033 1037 1093 montana
1054 1029 1102 1093 uel

91 1118 126 1183 in
145 1120 284 1185 collibus
304 1119 482 1184 constituta
501 1119 633 1202 regione
650 1118 800 1182 laetatur.
834 1117 941 1182 cerasi
959 1118 1103 1202 plantam
1113 1142 1134 1181 11

93 1208 279 1274 siluestrcm
306 1206 484 1272 transferre
510 1206 663 1271 debemus
687 1227 797 1271 mense
822 1206 953 1271 octobri
976 1206 1031 1271 uel
1053 1227 1103 1271 no

92 1298 221 1362 uembri
258 1301 291 1363 et
324 1318 396 1361 eam
427 1296 533 1379 primo
565 1295 726 1378 ianuario,
758 1315 833 1358 oum
861 1294 1105 1379 conprehendit,

93 1387 245 1451 inserere.
289 1384 453 1470 plantaria
475 1405 553 1448 uero
577 1383 679 1450 creari
701 1386 854 1468 possunt,
877 1383 906 1449 si
929 1384 1105 1468 praedictis

94 1475 260 1539 mensibus
293 1479 489 1559 spargantur
520 1494 633 1556 poma,
670 1493 751 1556 quae
784 1493 914 1537 summa
947 1472 1105 1539 facilitate

50 1565 72 1629 5
94 1567 278 1628 nascentur.
316 1583 377 1647 ego
402 1561 448 1627 sic
470 1561 567 1626 huius
591 1561 716 1625 arboris
738 1559 936 1625 facilitatem
958 1562 1105 1646 probaui,
1116 1585 1137 1625 1⁵

93 1654 131 1715 ut
160 1651 307 1736 uirgulta
341 1672 380 1714 ex
412 1672 523 1715 ceraso
554 1671 615 1735 pro
647 1649 852 1714 adminiculis
884 1670 945 1734 per
977 1651 1105 1716 uineam

93 1738 203 1823 posita
224 1738 260 1802 in
283 1738 433 1802 arborem
455 1738 646 1823 prosiluisse
669 1737 867 1804 confirmem.
904 1742 939 1803 et
958 1740 1105 1805 ianuario

94 1848 204 1891 meuse
233 1827 296 1892 scri
319 1829 437 1910 potest.
483 1827 639 1892 inseritur
660 1848 770 1893 mense
793 1828 968 1892 nouembri
991 1829 1106 1894 melius

94 1916 161 1999 uel,
185 1917 214 1981 si
236 1937 367 1981 neccsse
391 1915 447 2000 sit,
471 1921 616 1982 extremo
639 1915 795 1981 ianuario.
837 1915 895 1979 alii
919 1921 954 1980 et
978 1917 1107 1984 octobri

94 2005 298 2071 inserendam
322 2026 392 2070 esse
415 2003 572 2070 dixerunt.
618 2003 778 2070 Martialis
806 2003 841 2068 in
865 2010 985 2070 trunco
1007 2006 1140 2072 inseris

94 2093 199 2160 iubet:
222 2096 304 2160 mihi
327 2096 413 2160 inter
437 2093 592 2160 corticem
615 2098 649 2159 et
672 2094 797 2178 lignum
815 2092 959 2159 feliciter
979 2117 1107 2181 semper

95 2185 213 2250 euenit.
259 2185 372 2269 quiin
395 2189 510 2249 trunco
533 2185 692 2266 inserunt,
721 2182 805 2247 sicut
827 2179 993 2248 Martialis
1020 2184 1107 2266 dicit,

98 2295 227 2339 omnem
249 2274 450 2360 lanuginem,
475 2295 557 2357 quae
580 2273 666 2338 circa
689 2275 753 2354 est,
776 2269 903 2336 auferre
926 2271 1107 2338 debebunt:

51 2363 206 2446 dquam,
240 2362 269 2427 si
300 2363 507 2446 remanserit,
538 2361 647 2426 insitis
679 2381 796 2425 nocere
827 2359 1027 2427 manifestat.
1075 2362 1108 2427 in

96 2451 215 2514 cerasis
238 2450 300 2516 hoc
325 2452 519 2516 seruandum
543 2455 576 2516 et
596 2449 631 2515 in
650 2448 800 2513 omnibus
820 2450 1049 2536 gumminatis,
1072 2455 1108 2516 ut
1118 2473 1141 2515 a

94 2539 172 2601 tunc
199 2538 398 2624 inserantur,
427 2539 555 2624 quando
582 2539 634 2603 his
662 2538 715 2603 uel
742 2559 808 2602 non
835 2542 887 2602 est
909 2539 963 2603 uel
986 2540 1108 2605 desinit

95 2646 249 2711 gummeri
272 2628 412 2693 effluere.
458 2650 587 2693 cerasus
610 2628 765 2692 inseritur
788 2626 822 2690 in
850 2647 900 2711 se,
928 2627 963 2692 in
991 2651 1108 2713 prun0,

167 2824 182 2870 3
201 2818 308 2872 feratur
326 2820 374 2889 El
396 2824 412 2871 4
432 2817 575 2873 februario
595 2818 641 2872 uel
659 2816 761 2872 martio
780 2819 806 2871 L
823 2820 827 2886 Ι
843 2818 890 2871 uel
909 2823 1054 2874 umectum
1072 2821 1106 2890 L,

96 2890 146 2943 sed
163 2888 311 2944 humidum
328 2891 359 2944 Ε
371 2892 409 2960 {lb
428 2889 589 2944 therebinto
609 2890 683 2956 Psi,
701 2888 842 2944 terebinto
856 2889 894 2958 E,
913 2889 1106 2946 Therebintho

100 2961 209 3030 VGlld
228 2962 261 3013 ut
274 2977 328 3030 pro
347 2963 377 3014 at
395 2960 484 3026 codd,
503 2960 550 3014 uel
568 2963 631 3042 utp
648 2962 651 3029 Ι
668 2964 759 3015 etom.
779 2960 1109 3034 iacqslamigdalodll

97 3035 112 3084 7
128 3032 324 3102 affirmantEl
344 3037 376 3086 12
391 3031 633 3099 comprehendent
646 3032 707 3098 SE,
720 3029 889 3101 praehendit
904 3031 953 3102 611
968 3039 1002 3087 13
1017 3049 1108 3088 serere

96 3102 153 3156 SE
171 3105 180 3172 ΙΙ
204 3110 237 3157 14
255 3101 312 3157 faci
332 3102 435 3184 itatem
454 3101 482 3153 P
506 3104 515 3171 ll
543 3108 575 3157 16
596 3101 783 3158 amminiculis
801 3103 831 3157 io
855 3104 935 3183 lupar
953 3106 1109 3186 uenaml',

97 3177 215 3298 ibnreridii
222 3178 302 3314 1089?
303 3174 377 3315 libii
392 3175 603 3300 {pampernpnssbzg
605 3174 632 3314 eil
650 3172 877 3314 {ignigniffl
895 3174 1109 3319 (imbeinigllnl

96 3317 131 3366 24
149 3332 222 3382 quae
241 3334 259 3369 a
287 3317 291 3385 Ι
320 3312 486 3393 mamfestat
503 3331 591 3385 ceap
617 3319 626 3385 ll
654 3321 687 3370 25
706 3316 875 3369 seruandum
894 3317 938 3369 est
959 3318 1106 3390 Tiaoqsl

96 3385 261 3452 germinatis
280 3387 322 3454 E,
341 3386 492 3456 gummatrs
511 3386 633 3457 Focpa,
657 3385 779 3457 gumatis
798 3388 810 3440 ι’
832 3389 841 3455 l
869 3392 902 3440 26
921 3386 966 3439 his
985 3387 1032 3441 uel
1050 3406 1108 3443 non

89 3455 199 3577 c{restauret
209 3473 258 3581 osen.
265 3474 287 3525 p
300 3460 310 3528 ΙΙ
324 3463 357 3511 27
372 3470 474 3525 gumen
484 3457 503 3524 ι’,
517 3473 632 3527 germen
641 3459 677 3527 E,
692 3473 807 3527 gumma
816 3473 892 3527 acce
908 3459 912 3527 Ι
929 3455 1062 3513 Cerasias
1072 3460 1109 3529 P,

120 3541 138 3575 Γ
155 3541 195 3578 818
