2378 3832
433 195 550 251 Aemo.
565 196 697 251 140-42
1027 197 1071 260 49

54 365 246 407 mensuram
269 341 386 423 cubiti,
411 343 529 425 quibus
551 341 647 407 facilc
672 347 735 426 est,
758 343 845 426 quod
867 365 925 426 per
949 364 1073 406 serram

55 431 129 496 ficri
157 453 226 496 non
252 434 377 516 potest,
403 432 578 496 resecando
608 436 724 496 trunco
753 431 879 496 arboris
908 436 966 496 aut
990 431 1071 496 uitis

55 521 224 601 interseri,
253 542 343 604 acus,
370 541 430 604 per
458 542 538 604 quas
566 520 599 584 in
628 520 768 604 pastinis
797 525 962 585 sarmenta
989 542 1071 585 mer·

56 613 193 695 guntur,
215 608 316 674 falces
340 630 360 673 a
383 613 477 694 tergo
501 614 613 673 acutas
638 613 735 693 atque
758 610 898 691 lunatas,
920 608 1071 674 cultellos

29 699 141 763 ritem
174 719 292 763 curuos
324 697 481 779 minores,
518 720 576 781 per
614 720 695 782 quos
728 697 867 763 nouellis
900 698 1072 763 arboribus

57 785 184 852 surculi
212 787 295 850 aridi
322 791 380 850 aut
408 790 554 851 extantes
582 786 710 852 facilius
739 791 962 872 amputentur:
992 788 1072 851 item
1097 790 1117 854 3

57 875 228 941 falciculas
257 873 470 942 brevissimas·
489 875 670 957 tubulatus,
699 875 817 960 quibus
843 876 967 942 silicem
993 877 1074 941 sole·

58 985 135 1028 mus
164 962 343 1049 abscidere,
376 964 517 1029 serrulas
546 964 703 1050 minores,
734 986 873 1050 uangas,
905 987 1074 1050 runcones,

59 1053 181 1138 quibus
204 1057 340 1137 ueprcta
357 1053 592 1138 persequimur,
616 1075 743 1118 secures
764 1053 927 1138 simplices
945 1054 998 1118 uel
1016 1055 1075 1118 do-

13 1168 43 1207 10
58 1141 218 1224 labratas‚
237 1142 383 1207 sarculos
400 1143 454 1207 uel
474 1142 638 1226 simplices
658 1142 711 1206 uel
729 1144 877 1208 bicornes
897 1143 950 1206 uel
970 1144 1074 1207 ascias

60 1232 97 1294 in
123 1252 236 1295 auersa
259 1234 352 1313 parte
375 1231 552 1296 referentes
576 1237 715 1296 rastros:
745 1231 825 1296 item
846 1238 1003 1315 cauteres
1026 1253 1075 1296 ca·

62 1318 221 1383 stratoria
248 1319 446 1385 ferramenta
471 1324 569 1404 atque
592 1321 740 1386 tonsoria
762 1320 814 1385 uel
838 1342 921 1404 quae
945 1321 985 1385 ad
1009 1320 1073 1384 ani·

61 1407 199 1471 malium
221 1407 327 1472 solent
345 1409 507 1493 pertinere
527 1408 728 1474 medicinam.
765 1408 892 1474 tunicas
911 1431 989 1474 uero
1008 1410 1075 1493 pcl—
1098 1413 1120 1475 4

61 1497 157 1562 licias
189 1519 262 1562 oum
285 1497 420 1563 cucullis
444 1502 477 1562 et
501 1520 615 1563 ocreas·
635 1498 841 1582 manicasque
865 1499 1076 1583 depellitur,

30 1607 147 1670 aquae
175 1586 226 1650 uel
254 1586 289 1650 in
317 1587 410 1651 siluis
436 1586 492 1651 uel
517 1588 552 1651 in
579 1587 748 1673 uepribus,
779 1588 901 1652 rustico
930 1588 1077 1672 operiet

63 1674 240 1741 uenatorio·
258 1674 386 1760 possint
409 1697 479 1740 csse
503 1698 700 1741 communes.

132 1763 280 1849 Expletis
294 1764 356 1846 his,
371 1787 452 1850 quae
465 1765 632 1850 pertinent
647 1766 847 1851 adssgenerale
856 1770 1076 1850 pracceptum,

61 1875 151 1918 nunc
179 1874 294 1937 operas
323 1875 397 1918 suas
427 1853 566 1940 singulis
594 1854 760 1920 mensibus
784 1854 1023 1938 explica-bimus·
1043 1859 1077 1919 et

62 1966 83 2005 a
110 1963 224 2006 mense
241 1941 393 2007 Ianuario
416 1941 578 2008 faciemus·
596 1943 737 2008 initium.

138 2139 152 2187 1
173 2134 446 2203 quod-resecando
461 2151 511 2190 om.
519 2153 542 2204 p
554 2138 563 2205 ΙΙ
579 2142 598 2189 2.
608 2134 716 2190 truncis
731 2134 838 2189 arboris
852 2133 990 2201 interseri,
1005 2135 1080 2202 quod

64 2221 118 2274 per
136 2221 249 2275 sarpam
266 2204 327 2260 ficri
345 2222 403 2261 non
420 2209 528 2276 potest:
548 2223 615 2260 acus
630 2225 652 2276 p
665 2210 675 2277 ll
698 2213 714 2260 3
734 2223 798 2260 aeos
817 2206 863 2275 Vll
885 2211 902 2258 4
921 2204 1014 2272 adque
1035 2205 1082 2278 Qll

64 2284 82 2330 5
102 2275 176 2329 inter
191 2293 244 2344 pro
262 2275 332 2331 item
350 2278 399 2347 ΕΙ
416 2295 515 2332 curuos
535 2295 585 2333 om.
596 2296 619 2347 p
632 2280 641 2348 ΙΙ
662 2285 678 2332 6
699 2279 881 2347 amputantur
899 2276 930 2330 Ε
946 2277 950 2345 l
969 2281 983 2328 7
1003 2275 1081 2330 facu-

63 2347 110 2400 las
120 2365 143 2416 p
158 2351 162 2417 Ι
178 2346 324 2402 tabulatas
338 2349 406 2418 La,
425 2348 579 2403 tribulatas
593 2351 686 2420 iacps
710 2352 714 2418 Ι
740 2348 898 2402 solebamus
938 2350 974 2473 Bp
996 2353 1012 2402 8
1032 2349 1081 2403 ab·

65 2417 194 2472 scindere
213 2437 271 2489 aps
286 2421 415 2502 lobangas
434 2421 554 2489 PVSp,
574 2437 701 2490 uuangas
724 2420 775 2490 ρι’,
794 2435 922 2491 uanguas

1003 2425 1019 2472 9
1039 2437 1082 2474 se-

65 2506 149 2543 curas
168 2490 211 2561 ΒΙΙ
231 2495 264 2544 lo
283 2491 430 2561 simphces.
459 2491 587 2546 bicornes
607 2492 656 2564 El
673 2494 702 2545 et
720 2490 810 2545 ascias
824 2491 872 2546 Es
884 2492 894 2562 ll
909 2497 944 2544 11³
962 2421 1082 2546 alguersa

66 2560 177 2616 ΡθΕό
193 2561 197 2633 Ι
212 2559 393 2617 in-rastros
412 2580 496 2632 corp
511 2567 516 2635 l
533 2565 661 2618 cauturos
680 2564 711 2617 E
730 2565 740 2633 l
764 2569 796 2617 13
817 2579 884 2618 uero
903 2580 953 2618 om.
965 2565 1007 2633 pil
1022 2563 1082 2634 pel-

64 2631 154 2686 liceas
175 2651 193 2688 a
220 2636 230 2703 ΙΙ
258 2639 291 2686 14
314 2633 384 2688 culis
403 2635 451 2704 12¹,
475 2653 510 2689 cn
528 2634 568 2688 Ι)
591 2652 690 2704 supra,
713 2633 849 2705 pellicias.
879 2634 1003 2689 cucullas
1026 2636 1056 2688 E

65 2703 156 2758 ocreis
174 2703 300 2758 manicas
311 2707 355 2775 pu
371 2711 402 2759 15
417 2722 490 2774 quae
505 2723 554 2760 om.
572 2706 598 2760 G
613 2707 617 2777 l
634 2705 680 2760 uel
694 2706 800 2762 ontcin
814 2705 893 2760 siluis
908 2722 958 2760 om.
974 2706 1059 2775 LFp

65 2791 151 2844 opere
170 2776 201 2831 E
222 2778 231 2846 ΙΙ
255 2781 287 2829 16
306 2780 424 2847 possunt
443 2777 474 2830 E
493 2780 503 2847 ΙΙ
531 2783 563 2831 17
582 2776 868 2847 Expletis-initium
886 2778 985 2832 tabent
1003 2778 1081 2832 codd.

67 2854 132 2902 autc
150 2848 269 2916 capot]
284 2847 349 2902 libri
361 2849 402 2902 Π
409 2850 419 2917 ΙΙ
434 2854 466 2902 19
488 2865 572 2903 aom.
590 2849 653 2903 GE
666 2851 670 2919 Ι
686 2848 799 2903 initium
816 2847 953 2902 faciamus
975 2849 1000 2900 T
