2378 3832
435 744 716 819 PRAEFATIO.

139 1015 270 1075 Palladii
297 1016 333 1076 de
361 1017 546 1096 agricultura
574 1034 648 1092 opus
675 1015 915 1092 frequentissime
938 1019 968 1076 et
996 1017 1094 1095 lecti-0

66 1108 175 1164 tatum
197 1108 227 1164 et
249 1106 479 1182 transscriptum
498 1107 556 1167 est:
579 1105 682 1182 itaque
701 1124 805 1164 eorum
821 1105 965 1164 librorum
987 1126 1079 1165 manu

67 1194 260 1272 scriptorum,
280 1195 388 1271 quibus
406 1195 462 1254 hoc
477 1213 552 1271 opus
566 1182 744 1272 continetur,
762 1212 904 1252 numerus
923 1196 968 1253 est
984 1213 1079 1270 paene

67 1281 220 1361 infinitus⁷
251 1283 302 1344 sed
330 1284 421 1360 pauci
448 1303 466 1343 a
493 1284 565 1344 viris
592 1283 687 1343 doctis
714 1283 753 1342 ad
774 1283 923 1342 rationem
944 1282 1079 1342 criticam

67 1372 169 1431 adhuc
197 1373 329 1433 conversi
357 1374 435 1431 sunt.
481 1373 578 1448 prima
605 1370 684 1430 enim
712 1370 803 1431 editio
831 1371 1009 1448 scriptorum
1035 1372 1079 1431 rei

66 1460 202 1520 rusticae
225 1464 360 1522 veterum
383 1461 561 1522 Latinorum
584 1481 661 1520 anno
687 1464 771 1520 1470
790 1461 924 1520 Venetiis
946 1461 1078 1537 perNic.

66 1550 233 1609 Iensonum
259 1550 380 1610 natione
409 1550 530 1610 Gallum
558 1552 728 1609 recensente
757 1548 884 1628 Georgio
907 1550 1024 1609 Merula
1046 1551 1079 1608 in

66 1639 170 1697 lucem
198 1631 341 1714 prodiit¹z
372 1639 423 1698 sed
445 1638 575 1697 Palladii
603 1638 673 1697 libri
703 1658 738 1697 511
768 1658 827 1714 quo
860 1638 959 1698 codice
986 1659 1079 1698 manu

67 1727 182 1803 scripto
204 1727 306 1786 hausti
329 1727 398 1806 sint,
421 1747 481 1786 non
504 1727 608 1804 liquet.
652 1726 871 1787 Louaniensem
894 1729 995 1787 autern
1018 1728 1079 1787 edi-

65 1817 182 1875 tionem
206 1816 278 1874 anni
302 1818 387 1876 1474
417 1816 612 1876 Schneiderus
635 1806 727 1875 dicit²
753 1836 789 1876 ex
811 1816 910 1877 codice
932 1817 1078 1892 peculiari

66 1923 166 1980 eoque
194 1905 314 1984 egregio
347 1904 526 1981 exscriptam
557 1924 619 1964 esse
651 1908 682 1964 et
708 1905 819 1964 multas
850 1907 1077 1982 praeclarasque

64 1992 211 2054 lectiones
234 1994 266 2051 in
284 1993 420 2054 Palladio
444 1993 501 2053 sibi
524 1993 690 2054 exhibuisse
709 2013 744 2053 ac
765 1994 951 2069 reliquarum
974 1994 1077 2054 editio-

66 2102 144 2142 num
166 2081 242 2142 vitia
265 2083 365 2142 omnia
388 2082 556 2144 correxisse.

132 2171 177 2230 De
200 2170 285 2230 libris
311 2191 403 2231 manu
431 2171 561 2250 scriptia,
590 2190 665 2248 quos
688 2170 801 2229 Ulitius
829 2170 969 2248 contulit,
1001 2170 1078 2229 nihil

69 2260 228 2338 cognitum
251 2263 304 2338 est,
326 2261 385 2319 nisi
409 2261 489 2338 quod
512 2263 543 2320 et
565 2261 596 2318 in
615 2260 751 2336 catalogo
771 2258 969 2318 bibliothecae
986 2259 1078 2319 Hein-

68 2348 173 2408 sianae
196 2351 273 2424 part.
292 2349 307 2407 Ι
325 2371 353 2426 p.
370 2353 431 2409 179
452 2349 669 2429 Lugd-Batuv.
690 2349 773 2408 1683
797 2347 927 2406 Palladii
949 2349 1078 2427 legimus

68 2437 232 2497 editionem
256 2437 460 2497 Coloniensem
484 2437 554 2496 anni
580 2439 663 2498 1536
692 2457 760 2496 cum
782 2437 899 2497 duobus
926 2437 1077 2498 codicibus

66 2545 124 2603 per
145 2525 168 2586 Ι.
192 2526 322 2585 Ulitium
344 2528 494 2588 conlatam
522 2519 603 2586 esse³
625 2529 656 2586 et
682 2526 713 2584 in
736 2525 808 2586 folio
837 2526 930 2585 codici
952 2526 1078 2606 Lugdu-

66 2614 166 2694 nensi‚
198 2615 234 2674 de
265 2636 324 2692 quo
354 2616 433 2675 infra
463 2617 591 2696 dicetur,
621 2616 732 2678 inserto
760 2614 889 2674 Ulitium
916 2634 950 2674 eo
978 2616 1077 2675 codice

64 2720 159 2763 usum
181 2721 252 2764 5555.

135 2793 168 2854 F.
199 2793 378 2874 Sylburgius
409 2798 514 2855 auctor
548 2794 686 2857 editionis
718 2792 970 2853 Oommelinianae
1006 2792 1077 2850 anni

71 2883 158 2942 1595
182 2885 302 2958 praeter
319 2884 537 2943 Bruschianam
559 2884 688 2944 contulit
710 2883 823 2942 codices
842 2881 971 2941 Palladii
988 2881 1076 2940 Pala-

68 2962 181 3030 tinos42
214 2990 302 3049 quos,
332 2992 400 3031 cum
428 2991 528 3032 mense
551 2972 650 3048 Aprili
673 2971 744 3030 anni
768 2973 852 3032 1875
876 2972 1076 3031 3511155151-

67 3076 159 3137 sarer,
182 3079 229 3118 me
252 3060 283 3118 in
305 3060 486 3122 bibliotheca
504 3061 652 3120 Vaticana
674 3061 723 3122 rel
739 3059 840 3135 potius
859 3058 999 3117 Palatina
1016 3079 1076 3118 non

66 3147 234 3224 repperisse
257 3148 352 3210 doleo.

141 3322 155 3370 1
177 3316 293 3372 Gesneri
310 3319 397 3388 praef.
412 3320 519 3374 XLIX.
539 3352 573 3359 -
593 3325 608 3372 2
624 3318 798 3388 Scriptorum
811 3315 851 3369 rei
865 3314 987 3371 rusticae
1001 3320 1075 3371 vete·

68 3405 130 3441 rum
154 3388 320 3443 Latinorum
344 3393 408 3446 tom.
431 3392 470 3445 Ill
492 3391 579 3462 prael.
598 3390 646 3447 IX.
666 3424 700 3433 —
713 3397 741 3446 -b
766 3386 941 3444 behneideii
960 3385 1101 3442 mmm

65 3459 150 3524 praef.
175 3459 240 3514 VIII
262 3492 295 3500 -
314 3467 331 3514 4
350 3460 517 3521 Schneideri
538 3469 609 3524 tom.
627 3465 670 3524 lli
687 3465 784 3540 praet.
798 3463 869 3520 xlll.

924 3551 962 3605 «δῦ
