2378 3832
428 191 719 271 Acclama-ar
1035 192 1079 255 95

68 337 284 402 seminandas.
321 337 349 401 si
373 359 481 403 semen
501 337 569 402 eius
589 338 719 421 seueris,
742 338 777 401 in
796 341 892 421 caput
911 336 1026 401 crescit
1045 341 1077 400 et

66 427 177 492 minus
206 427 312 491 reddit
339 427 373 489 in
401 427 536 492 semine:
565 427 593 490 si
620 427 798 511 capitulum
826 449 941 509 ponas,
969 425 1077 509 ipsum

65 515 225 581 inacescit
249 519 282 579 et
304 515 445 580 multum
468 538 576 579 semen
601 516 716 580 educit.
762 520 883 579 terram
907 537 1002 598 cepae
1026 515 1077 578 de-

64 605 213 669 siderant
244 604 414 689 pinguem,
446 605 656 668 uehementer
688 605 872 687 subactam,
903 603 1077 688 inriguam,

39 697 290 760 astercoratam.
337 692 384 757 ibi
418 715 509 758 areas
538 693 694 757 faciemus
723 693 874 757 omnibus
900 693 1011 757 herbis
1044 697 1076 756 ct

64 782 174 847 radice
188 786 355 867 purgatas.
387 804 530 846 serenius
544 782 671 866 placido
687 786 720 845 et
734 803 846 845 sereno
862 781 921 866 die,
936 782 1075 846 maxime

64 876 179 936 austro
203 871 255 934 uel
279 892 356 934 euro
379 871 543 935 flantibus.
582 871 610 934 si
633 871 797 934 minuente
820 871 896 934 luna
919 875 1075 953 serantur,
1098 875 1121 939 4

64 965 180 1025 tenues
210 963 243 1023 et
266 960 405 1024 acriores
429 959 637 1043 proueniunt,
667 959 695 1023 si
718 964 894 1043 crescente,
921 960 1075 1024 robustae

65 1054 99 1114 et
126 1048 254 1132 saporis
281 1049 411 1114 umecti.
456 1048 560 1112 rarius
589 1052 666 1111 sunt
688 1049 867 1132 ponendae,
894 1048 1075 1112 runcandae

26 1165 52 1205 10
66 1160 105 1203 ac
129 1137 338 1201 sarculandae
363 1136 499 1220 saepius.
538 1137 565 1200 si
590 1138 697 1221 capita
715 1137 914 1201 uoluerimus
933 1136 984 1200 his
1005 1158 1074 1200 esse

65 1227 204 1308 maiora,
236 1225 316 1291 folia
344 1226 452 1290 omnia
479 1226 632 1290 debemus
662 1225 800 1290 auferre:
833 1226 879 1289 sic
911 1246 1006 1288 sucus
1036 1225 1075 1288 ad

64 1315 222 1380 inferiora
250 1319 393 1400 cogetur.
440 1315 477 1379 de
505 1315 623 1398 quibus
646 1337 724 1378 uero
749 1314 872 1378 semina
895 1313 1076 1397 colligenda

66 1407 155 1485 sunt,
184 1404 337 1468 iuuentur
366 1403 582 1487 adminiculis²
609 1402 666 1467 ubi
690 1404 814 1467 caulem
838 1403 1002 1487 coeperint
1025 1424 1076 1466 ex·

66 1493 176 1558 citare.
230 1514 303 1556 cum
335 1492 428 1577 niger
460 1493 549 1556 color
581 1493 713 1557 seminis
746 1492 857 1575 fuerit,
889 1491 1075 1576 praeferunt

27 1608 52 1648 15
64 1581 267 1646 maturitatis
295 1580 423 1646 indicia.
469 1581 608 1645 uellendi
637 1586 713 1645 sunt
736 1581 831 1645 thalli
855 1583 959 1646 adhuc
983 1581 1075 1645 semi-

65 1671 144 1736 sicci
173 1692 247 1734 cum
271 1669 391 1734 semine
416 1674 448 1734 et
472 1670 576 1735 sicin
600 1670 666 1735 sole
691 1669 840 1734 siccandi.
880 1671 942 1734 hoc
965 1692 1074 1734 mense
1098 1675 1120 1740 5

63 1759 222 1825 anethum
254 1780 341 1822 seres
373 1758 453 1823 locis
486 1758 623 1843 frigidis.
674 1781 803 1824 omnem
836 1760 917 1825 caeli
950 1763 1074 1822 statum

62 1847 203 1934 patitur,
233 1848 289 1912 sed
316 1845 474 1931 tepidiore
498 1847 647 1912 laetatur.
692 1849 831 1932 rigetur,
860 1849 887 1913 si
912 1870 945 1912 se
969 1848 1073 1911 imber

63 1938 239 2002 abstineat.
276 1941 403 2000 seratur
430 1936 543 2000 rarius.
581 1936 682 2022 aliqui
705 1959 816 2001 semen
839 1937 907 2001 eius
930 1958 995 2001 non
1020 1937 1073 2000 ob-

23 2054 49 2093 ao
62 2030 164 2091 ruunt
189 2025 369 2109 opinantes,
393 2025 479 2109 quod
503 2048 521 2089 a
543 2027 634 2089 nulla
658 2048 716 2089 aue
736 2029 899 2110 tangatur.
935 2028 1073 2089 nuncet

63 2115 177 2199 senapi
201 2136 306 2178 serere
324 2136 505 2198 possumus,
535 2116 597 2181 hoo
616 2115 715 2178 etiam
734 2136 843 2178 mense
864 2114 970 2178 caules
991 2134 1073 2176 serc-

62 2226 147 2287 mus,
172 2204 228 2287 qui
251 2206 284 2267 et
306 2207 378 2267 toto
401 2224 484 2267 anno
509 2204 573 2267 seri
591 2207 739 2286 possunt.
777 2203 882 2266 solum
901 2201 1020 2285 pingue
1040 2204 1073 2264 et

63 2293 147 2359 satis
172 2292 344 2357 subactum
367 2291 520 2375 diligunt:
545 2290 695 2376 argillam
719 2295 752 2355 et
775 2291 919 2377 glaream
942 2290 1072 2354 timent:

63 2381 222 2446 sabulone
255 2385 288 2444 et
319 2380 450 2445 harenis
480 2404 548 2445 non
579 2381 796 2463 delectantur,
827 2379 891 2444 nisi
922 2379 1072 2462 perennis

18 2498 47 2540 rs
61 2471 151 2535 unda
178 2473 353 2535 succurrat.
400 2492 529 2534 omnem
557 2474 680 2534 statum
708 2469 789 2534 caeli
815 2469 916 2534 caulis
939 2468 1072 2552 patitur,
1096 2473 1117 2537 6

62 2558 221 2644 frigidum
244 2558 361 2644 magis.
404 2562 518 2623 contra
542 2562 689 2623 austrum
711 2558 813 2641 positi
836 2559 932 2622 citius
955 2557 1072 2637 ferunt,

63 2651 180 2714 contra
204 2647 470 2731 septemtrionem
491 2648 603 2712 serius.
640 2645 768 2711 sedhic
787 2651 819 2711 et
838 2669 951 2730 sapore
971 2647 1072 2711 caulis

136 2845 150 2892 1
172 2838 301 2909 capitep
323 2841 333 2908 11
360 2846 375 2892 2
394 2838 487 2908 ipsum
507 2857 592 2908 ooap
614 2842 623 2909 11
646 2846 661 2892 3
684 2839 832 2893 marcescit
850 2839 975 2907 VEGp,
998 2855 1070 2891 mar-

61 2910 149 2965 cessit
166 2911 197 2963 F
207 2912 248 2980 14
266 2910 312 2965 uel
331 2910 510 2965 uehementer
529 2912 555 2964 V
565 2912 604 2979 15
623 2912 818 2980 0111111Ε118
837 2910 1003 2978 proueniant
1019 2910 1045 2963 G
1062 2909 1072 2980 11

64 2988 98 3036 10
118 2981 303 3035 sarculandaa
322 2984 388 3035 sunt
406 2982 682 3052 VSETFGiacps
698 2982 701 3053 1
719 2981 837 3050 Saepius
856 2980 880 3033 si
898 2982 929 3034 E
941 2983 949 3050 11
970 2986 1000 3033 11
1022 2997 1071 3033 au-

60 3053 130 3108 ferri
149 3053 238 3176 11111
257 3052 362 3120 11010,
382 3053 434 3123 [et]
455 3053 494 3107 sic
513 3070 578 3123 cqc,
599 3053 623 3106 si
641 3055 680 3121 L,
701 3052 730 3105 Si
749 3053 773 3106 V
794 3055 804 3122 11
828 3058 860 3105 13
879 3051 1006 3105 iuuemus
1022 3069 1043 3119 p
1064 3050 1068 3123 1

61 3142 187 3179 amrmcu

60 3198 217 3265 01111115
236 3194 372 3248 indicium
390 3194 518 3264 Ε111111
537 3195 725 3264 PLQSEF,
744 3194 797 3248 tali
816 3195 903 3248 Vre
920 3196 929 3262 11
953 3200 985 3246 11
1005 3209 1070 3247 ana-

60 3271 124 3321 tum
143 3267 218 3320 codd.
247 3268 256 3334 11
285 3271 318 3319 18
341 3267 460 3336 regitur,
485 3266 509 3319 si
531 3283 588 3318 non
610 3266 726 3335 pluerit;
751 3269 895 3334 seraturp
921 3267 930 3333 11
958 3271 990 3318 19
1013 3281 1070 3318 non

61 3356 113 3392 om.
129 3339 229 3406 111120
248 3339 277 3391 01
291 3354 340 3391 om.
359 3339 449 3408 Τ1121
466 3336 565 3407 synapi
584 3338 646 3404 VT,
665 3337 786 3406 sinapim
800 3337 861 3404 SE,
877 3335 970 3405 sinapi
983 3338 1041 3391 edd.
1064 3335 1068 3408 1

60 3426 217 3479 possumus.
237 3407 274 3461 Et
292 3408 393 3476 caules,
413 3408 461 3476 qui
479 3412 539 3462 1010
554 3426 576 3476 p
594 3410 603 3476 11
622 3413 654 3461 22
675 3409 733 3462 1010
751 3407 851 3478 pingui
870 3410 899 3461 et
917 3406 986 3460 satis
1006 3407 1070 3461 sub-

62 3482 127 3534 acto
139 3498 161 3548 p
174 3481 183 3548 11
197 3485 231 3532 23
246 3496 360 3532 arenam
368 3497 423 3548 pro
438 3479 568 3550 argillam
579 3481 590 3533 1
603 3482 613 3550 11
627 3486 661 3534 24
674 3480 776 3551 pennis
787 3481 814 3534 F
817 3524 825 3548 .
833 3478 991 3550 perpensis
998 3478 1104 3594 QX}

60 3558 97 3604 25
115 3553 244 3602 succurat
258 3550 304 3620 W
317 3549 391 3604 caeli
409 3554 517 3608 statum
536 3554 704 3628 10091121
722 3553 778 3609 bic
796 3551 892 3609 caulis
906 3553 939 3605 ct
949 3561 1060 3616 sapora

202 3122 223 3178 's
242 3125 315 3191 LE,
337 3123 524 3178 amminiculis
543 3125 576 3177 10
593 3125 596 3193 1
613 3123 736 3193 coeperit
754 3126 787 3192 111
808 3130 840 3176 14
859 3122 1014 3191 praefertur
1033 3122 1070 3188 Ε,
