2378 3832
127 178 170 242 32
546 177 716 230 amaron

126 323 215 388 intus
239 323 390 407 pascendi
413 326 499 407 sunt,
522 326 636 407 postea
654 344 767 388 sereno
787 345 842 388 eos
861 323 1046 407 poterimus
1066 323 1143 386 edu-

128 434 213 497 cere,
239 412 296 476 ubi
324 412 430 477 urtica
452 434 519 476 non
541 411 652 496 fuerit,
682 414 772 477 cuius
796 411 925 476 aculeos
948 411 1142 476 formidant.

128 505 283 585 quattuor
315 522 463 565 mensum
496 500 577 564 bene
606 502 811 587 saginantur:
846 523 922 565 nam
956 499 1075 564 melius
1108 501 1142 564 in

128 594 240 654 tenera
263 592 370 654 aetate
388 588 615 675 pinguescunt.
653 591 785 674 polenta
805 590 935 654 dabitur
953 588 987 652 in
1007 589 1060 654 die
1081 593 1140 653 ter.

128 679 218 763 large
241 678 383 762 uagandi
407 679 537 743 licentia
560 678 762 762 prohibetur.
799 678 870 743 loco
894 678 1034 743 obscuro
1055 678 1140 744 clau·
1164 698 1173 738 5

129 770 246 832 dentur
274 772 307 830 et
335 767 446 831 calido.
494 768 540 832 sic
569 768 709 832 maiores
738 768 837 831 etiarn
861 767 1001 832 secundo
1027 788 1138 831 mense

131 856 361 941 pinguescunt:
388 879 464 921 nam
492 857 620 940 paruuli
645 878 740 941 saepe
763 855 814 920 die
838 856 1011 922 tricesimo.
1057 856 1140 941 sagi-

128 949 249 1009 nantur
275 946 404 1029 melius,
433 945 461 1010 si
490 947 531 1009 ad
558 945 746 1010 satietatem
773 944 900 1009 milium
923 945 1139 1028 praebeamus

128 1034 281 1098 infusum.
314 1035 399 1098 inter
417 1055 567 1098 anserum
587 1033 709 1100 cibaria
726 1035 879 1119 legumen
899 1056 992 1099 omne
1012 1034 1139 1120 porrigi

82 1125 106 1188 4
129 1126 238 1207 potest
266 1127 400 1207 excepto
429 1144 516 1188 eruo.
562 1124 739 1189 cauendum
768 1128 818 1188 est
846 1123 959 1208 etiam,
985 1145 1028 1187 ne
1057 1123 1138 1207 pulli
1151 1143 1169 1182 ιο

129 1235 241 1277 eorum
273 1217 360 1277 setas
393 1212 543 1299 glutiant.
595 1211 710 1278 Graeci
748 1211 935 1299 saginandis
969 1213 1138 1278 anseribus

128 1302 277 1386 polentae
301 1302 380 1366 duas
404 1305 513 1386 partes
538 1307 571 1367 et
593 1301 729 1367 furfuris
754 1306 910 1388 quattuor
930 1323 1016 1385 aqua
1035 1302 1139 1366 calida

129 1394 312 1474 temperant
344 1396 376 1455 et
407 1391 560 1476 ingerunt
591 1414 650 1476 pro
679 1392 861 1476 adpetentis
890 1391 1061 1455 uoluntate
1091 1413 1139 1455 su-

129 1479 253 1543 menda.
287 1479 393 1544 tribus
411 1502 470 1563 per
488 1480 573 1544 diem
591 1480 718 1545 uicibus
737 1484 818 1565 potu
835 1480 1016 1544 adiuuant.‹
1033 1479 1139 1544 media

131 1588 257 1652 quoque
289 1571 383 1632 nocte
417 1590 534 1652 aquam
564 1570 762 1634 ministrant.
806 1568 947 1654 peractis
975 1590 1055 1633 uero
1083 1568 1170 1633 tri-15

131 1657 224 1738 ginta
243 1656 365 1740 diebus,
384 1656 422 1742 si,
439 1660 477 1721 ut
491 1656 580 1721 iecur
592 1657 644 1722 his
658 1661 847 1742 tenerescat,
866 1657 1007 1742 optabis,
1026 1661 1139 1722 tunsas

129 1745 251 1809 caricas
281 1750 314 1809 et
341 1767 424 1829 aqua
452 1749 630 1810 maceratas
654 1747 689 1810 in
713 1747 793 1811 offas
815 1745 980 1812 uolutabis
1005 1747 1140 1832 exiguas

76 1864 78 1871 ,
130 1837 163 1898 et
185 1856 244 1918 per
266 1834 334 1898 dies
357 1834 477 1920 uiginti
502 1835 672 1900 continuos
696 1836 898 1901 ministrabis
923 1836 1103 1901 anseribus.

497 2065 557 2131 DE
581 2064 776 2133 PISOINIS.

76 2189 185 2256 XXXI
252 2189 314 2255 His
334 2188 491 2255 ordinatis
511 2197 619 2256 cetera
637 2192 820 2276 exequenda
835 2194 919 2255 sunt.
952 2213 1028 2254 nam
1043 2190 1174 2275 pisci-a

129 2301 190 2344 nae
221 2280 302 2344 duae
334 2280 387 2344 uel
420 2281 489 2345 solo
520 2280 684 2364 inpressae
712 2281 764 2345 uel
794 2301 888 2345 caeso
915 2279 1023 2363 lapide
1054 2280 1142 2346 circa

130 2368 243 2431 uillam
271 2391 340 2433 esse
368 2369 545 2451 debebunt,
574 2392 654 2452 quas
682 2369 776 2433 facile
805 2372 855 2433 est
882 2373 939 2432 aut
966 2367 1058 2433 fonte
1083 2375 1139 2434 aut

131 2456 234 2520 imbre
258 2457 414 2540 subpleri,
440 2463 478 2521 ut
501 2481 565 2524 una
589 2480 627 2522 ex
650 2459 701 2522 his
725 2458 799 2522 usui
823 2458 867 2522 sit
892 2457 1065 2541 pecoribus
1089 2459 1142 2524 uel

132 2546 247 2609 auibus
275 2546 447 2629 aquaticis:
481 2546 545 2611 alia
573 2548 765 2612 madefaciat
792 2546 903 2631 uirgas
932 2550 964 2610 et
993 2547 1081 2610 coria
1109 2553 1142 2612 et

131 2635 261 2717 lupinos
286 2639 318 2699 et
342 2635 370 2698 si
394 2658 457 2719 qua
480 2636 648 2701 rusticitas
673 2634 841 2701 consueuit
864 2634 1042 2699 infundere.
1156 2660 1177 2701 rs

204 2781 218 2827 1
238 2789 285 2827 eos
309 2789 405 2828 sereno
424 2775 455 2827 E
473 2775 477 2843 1
498 2774 617 2828 educare
635 2775 666 2828 E
687 2777 696 2844 11
719 2781 734 2827 2
758 2773 869 2828 hurtica
892 2774 922 2827 E
936 2773 940 2844 1
956 2773 1145 2830 reformidant

133 2845 216 2899 Fac
230 2847 239 2915 11
253 2851 268 2897 3
283 2843 421 2898 mensium
435 2845 640 2916 VTGEicps,
656 2845 799 2899 mensibus
811 2865 830 2899 c
845 2847 848 2915 1
865 2862 921 2898 non
935 2847 1086 2915 (pronam)
1099 2849 1130 2901 Ε
1138 2848 1141 2920 1

131 2915 349 2986 parui-urtica
371 2918 468 2971 inserit
488 2923 551 2970 ante
569 2934 634 2970 nam
653 2918 701 2986 Ε1
721 2917 752 2970 in
771 2920 864 2971 aetate
882 2919 979 2969 tenera
1000 2917 1057 2986 Ty,
1080 2917 1144 2986 pin-

133 2991 271 3058 guescunt
283 2987 312 3040 in
326 2990 424 3041 tenera
438 2989 532 3041 aetate
546 2989 620 3058 111311
635 2993 651 3040 5
666 3004 762 3058 uagan
771 2990 802 3042 Ε
813 2992 821 3059 11
836 2994 851 3040 6
866 2987 952 3041 etiam
965 2986 1086 3041 maiores
1098 2990 1144 3061 Ε11

134 3065 148 3112 7
168 3058 309 3112 tricesimo
327 3059 483 3112 moriuntur
499 3059 549 3112 Ga
565 3061 569 3130 1
586 3058 758 3129 Saginentur
776 3076 842 3113 uero
861 3078 879 3113 a
893 3062 932 3129 118
952 3058 1046 3112 adsati
1064 3062 1144 3114 aeta·

132 3133 192 3184 tem
211 3130 237 3184 G
262 3131 266 3200 1
291 3128 400 3183 milium
419 3131 564 3184 decoctum
582 3130 614 3200 S,
633 3130 743 3184 milium
761 3134 871 3184 coctum
889 3131 929 3199 Ε,
949 3130 1069 3183 multum
1088 3132 1120 3185 F
1135 3132 1145 3204 11

134 3207 150 3253 9
168 3201 239 3255 Item
257 3205 322 3272 (pro
339 3200 423 3271 inter)
441 3203 453 3254 c'
478 3203 481 3272 1
507 3217 613 3255 cannae
632 3204 696 3271 (pro
712 3204 802 3271 omne)
822 3202 854 3271 S,
873 3217 961 3255 canna
980 3202 1011 3255 Ε
1034 3202 1038 3271 1
1062 3219 1145 3271 prae·

135 3270 203 3324 stari
218 3290 240 3341 p
253 3274 262 3342 11
278 3279 309 3326 11
331 3288 427 3325 saecat
444 3273 466 3353 1)
482 3275 486 3341 1
503 3272 648 3326 anseribus
663 3290 711 3327 om.
723 3273 754 3327 Ε
765 3275 774 3342 11
789 3279 821 3326 12
836 3273 962 3355 polentes
977 3273 1009 3326 F
1019 3276 1031 3354 11
1044 3278 1077 3327 13
1096 3290 1144 3345 ap-

133 3342 263 3410 petendis
277 3344 311 3412 L,
327 3343 472 3412 apetend1s
486 3344 517 3396 E
531 3344 535 3416 1
551 3344 698 3414 uoluptate
712 3361 730 3397 c
743 3345 752 3413 11
768 3349 802 3397 14
816 3344 924 3398 u1cibus
939 3360 989 3414 per
1004 3344 1080 3398 diem
1093 3348 1124 3400 Ε
1134 3346 1144 3418 11

136 3419 168 3465 15
187 3412 238 3465 XX
254 3414 298 3484 1111
314 3420 346 3468 16
366 3414 389 3468 si
408 3418 457 3468 aut
472 3416 514 3485 Vt
531 3415 643 3469 obtabis
658 3417 688 3469 Ε
700 3417 709 3484 11
724 3422 756 3469 17
777 3415 867 3469 carias
885 3417 976 3486 111122
995 3415 1067 3469 uilla
1080 3417 1121 3470 L¹
1137 3417 1141 3489 1

131 3483 238 3535 debent
253 3486 287 3538 Ε
302 3487 316 3554 11
338 3492 371 3538 23
389 3485 493 3541 imbres
513 3487 546 3616 g
563 3486 567 3560 1
593 3485 716 3541 sufficiat
733 3489 797 3556 <pro
817 3486 901 3555 sitm
923 3489 989 3606 1124
1008 3486 1038 3540 in
1057 3487 1144 3541 aliam

545 3605 551 3631 2

114 3551 240 3606 deuocat
254 3555 285 3607 V
291 3559 302 3628 1
316 3559 346 3610 et
360 3557 439 3615 coria
450 3577 500 3616 om.
566 3561 615 3617 sed
628 3560 723 3630 presb
732 3560 867 3614 toronum
876 3558 891 3627 1
901 3559 933 3608 et
949 3555 1052 3623 spinos
1060 3559 1149 3610 onan
