2370 3832
406 741 550 813 LIBER
579 739 759 814 SEXTVS

543 876 624 930 SIVE

346 984 577 1050 MENSIS
613 985 816 1051 MAIVS.

493 1249 670 1303 TITVLI.

50 1385 63 1424 s
158 1358 175 1423 I
207 1358 255 1423 De
288 1361 405 1442 panico
437 1363 471 1423 ei
498 1359 604 1444 milio,
637 1360 674 1423 de
702 1358 893 1425 florentibus
922 1359 1016 1445 subis,
1047 1360 1085 1424 de

205 1447 374 1512 recidendo
397 1447 481 1513 feno.

139 1536 173 1600 II
204 1535 254 1600 ΒΘ
281 1537 429 1601 nouellae
458 1537 631 1602 sarmentis
660 1538 878 1622 relinquendis
907 1542 940 1602 ei
962 1537 1086 1622 pampi-

205 1625 320 1689 nandis
343 1626 477 1690 uitibus.

121 1713 172 1777 III
206 1713 254 1778 De
279 1715 520 1797 proscindendis
544 1720 578 1779 eb
601 1714 780 1800 operiendis
804 1717 899 1781 nouis
923 1716 1020 1801 agris.

38 1829 63 1868 ιο
108 1802 175 1867 IIII
209 1802 256 1866 ΒΘ
281 1803 429 1868 ocoandin
453 1804 576 1868 uiribus
601 1805 835 1888 arboribusque
860 1809 893 1870 eb
916 1806 994 1869 rude
1016 1826 1084 1869 oae-

206 1891 322 1973 denda,
350 1891 509 1956 fodiendis
539 1893 734 1975 seminariis,
761 1894 913 1977 putandis
943 1893 1022 1958 oleis
1047 1915 1083 1957 ac

205 1979 318 2064 lupino
340 1982 505 2046 uertendo.
530 2002 532 2007 ¹

143 2068 174 2134 V
206 2067 255 2132 De
278 2069 397 2134 hurbis:
420 2069 455 2132 in
476 2092 513 2134 eo
533 2069 571 2133 de
591 2068 716 2154 spaIiis,
738 2069 776 2134 de
797 2070 880 2154 apio,
904 2069 1083 2151 coriandr0,

206 2157 346 2240 melone,
371 2158 551 2240 cucurbita,
576 2158 707 2241 carduo,
730 2158 851 2241 radice,
873 2161 955 2222 ruba.

36 2272 61 2313 15
125 2246 173 2311 VI
205 2245 254 2310 ΒΘ
278 2247 397 2330 pomis:
424 2247 462 2310 de
485 2247 564 2311 flore
588 2246 666 2310 mali
688 2245 811 2330 punici,
833 2247 959 2330 persico
982 2245 1083 2330 inpla-
1110 2302 1112 2306 ,

206 2335 353 2420 strando,
380 2335 463 2399 oibro
491 2335 661 2399 inserendo
690 2338 722 2399 ei
744 2334 808 2399 ficu
831 2335 1007 2418 plantanda
1029 2335 1082 2398 uel

204 2424 386 2504 inserenda,
410 2424 448 2487 de
472 2423 574 2508 zizyfa
597 2427 630 2487 ei
652 2425 761 2507 palma
783 2423 967 2507 plantanda.

104 2511 171 2577 VII
204 2513 252 2577 De
276 2512 444 2577 armentis:
468 2513 503 2576 in
526 2535 564 2576 co
588 2513 626 2577 de
650 2513 830 2577 castrandis
853 2512 969 2577 bubus.

90 2600 174 2666 VIII
206 2600 255 2665 De
279 2601 422 2665 tonsuris
447 2601 565 2666 ouium.

34 2717 60 2755 20
76 2688 172 2755 VIIII
203 2688 252 2753 De
276 2712 369 2755 caseo
393 2690 548 2755 faciendo.

138 2777 169 2842 X
200 2777 250 2842 ΒΘ
274 2780 398 2863 apibus.

146 2959 159 3006 1
184 2952 450 3008 LIBER—MAIVS
472 2970 522 3008 om.
542 2955 618 3009 codd.
642 2956 651 3022 ΙΙ
673 2959 690 3007 4
713 2952 833 3007 TITVLI
851 2952 983 3007 MENSIS
1002 2951 1083 3005 MAH

74 3025 176 3079 codices
204 3031 229 3079 ct
254 3025 340 3094 iayc,
372 3024 512 3079 TITVLIS
528 3023 651 3078 -horis
679 3042 728 3079 om.
753 3042 767 3078 c
793 3026 802 3093 II
830 3030 845 3077 5
873 3023 886 3077 I
914 3023 955 3077 ΒΘ
980 3021 1081 3093 panico

73 3093 190 3148 -horis
213 3111 263 3149 om.
283 3097 313 3148 E
342 3096 346 3166 I
374 3095 486 3165 panicio
506 3097 559 3167 Sy,
579 3094 686 3164 punitio
706 3096 747 3161 E,
770 3093 882 3164 panicio
902 3094 1023 3164 (punico)
1041 3111 1055 3148 s
1075 3094 1078 3157 Ι

73 3165 199 3220 florentis
224 3166 249 3219 G
267 3168 276 3236 ΙΙ
296 3172 311 3220 7
329 3166 448 3221 nouellis
468 3168 494 3220 V
516 3172 520 3235 ι
545 3166 715 3235 reliquendis
735 3167 763 3219 P
783 3167 792 3236 I
818 3173 850 3218 11
873 3164 1005 3235 potandis
1029 3166 1057 3217 P
1072 3164 1082 3237 Η

75 3243 107 3291 13
133 3236 232 3307 spatiis
256 3240 285 3290 ei
308 3236 468 3292 oleribusS
491 3240 501 3308 ΙΙ
529 3244 560 3290 17
585 3237 680 3307 zizifu,
704 3236 807 3306 zizyfu,
831 3236 941 3306 zyzyfu,
963 3235 1080 3306 zizipha,

73 3308 201 3377 zizypha,
220 3308 346 3377 zyzyphu
366 3310 467 3364 codices
485 3316 509 3364 ei
527 3310 656 3364 editiones
672 3311 677 3381 1
692 3309 792 3378 plenia
809 3310 842 3376 P,
860 3307 1032 3378 plantandus
1049 3307 1080 3378 Q,

72 3380 260 3450 plantandum
281 3380 318 3449 d,
341 3379 534 3449 plantandisi
563 3383 572 3450 ΙΙ
603 3387 636 3435 18
659 3381 748 3434 bobus
767 3380 802 3433 iu
830 3382 839 3450 ΙΙ
870 3386 903 3434 19
923 3382 952 3434 eb
969 3378 1081 3434 illerum

73 3467 142 3505 cura
161 3451 239 3505 addit
256 3450 279 3505 S
289 3451 299 3522 ii
313 3456 346 3504 20
366 3468 429 3505 cum
446 3450 534 3521 ipsius
554 3450 705 3524 disciplinu
722 3451 804 3508 oddii
824 3451 843 3507 S
