2378 3832
121 180 166 244 30
497 159 501 166 ’
542 179 711 233 emunim

123 325 224 391 crista
260 325 407 409 produci:
443 348 519 390 nam
555 326 725 410 patiuntur
756 327 930 413 languores
968 327 1139 394 infantum

123 413 350 498 similitudine,
387 436 460 479 cum
497 415 562 479 illis
594 419 756 480 tumentes
789 415 940 502 gingiuas
975 418 1137 484 denticuli

122 502 247 587 aperire
270 503 429 568 nituntur.

477 640 536 710 DE
560 644 777 712 FASIANIS.

67 770 231 836 XXVIIII
298 770 337 834 In
360 770 494 834 fasianis
517 769 698 835 nutriendis
716 770 779 836 hoc
798 773 992 836 seruandum
1013 777 1076 860 est,
1097 779 1135 839 ut
1159 799 1169 839 5

122 859 246 925 nouelli
274 859 314 924 ad
338 860 492 924 creandos
516 859 601 924 fetus
625 862 793 944 parentur,
820 860 941 944 idest,
969 863 1027 945 qui
1050 883 1134 927 anno

124 949 289 1034 superiore
318 952 395 1013 sunt
423 948 514 1013 editi:
540 952 668 1012 ueteres
697 949 783 1014 enim
811 949 940 1013 fecundi
968 972 1040 1015 esse
1068 973 1134 1016 non

124 1041 270 1123 possunt.
323 1039 437 1103 ineunt
471 1035 609 1100 feminas
647 1059 756 1102 mense
789 1037 909 1102 martio
941 1039 994 1103 uel
1028 1041 1133 1124 aprili.

124 1129 249 1193 duabus
272 1149 356 1191 unus
380 1125 543 1190 masculus
563 1125 692 1210 sufficit,
716 1127 793 1210 quia
811 1130 936 1192 ceteras
956 1150 1034 1193 aues
1054 1129 1133 1194 sala·

126 1219 225 1282 citate
256 1238 323 1282 non
356 1218 481 1298 aequat.
532 1215 631 1280 semel
662 1216 697 1279 in
730 1238 813 1280 anno
846 1215 933 1281 fetus
967 1218 1165 1283 creabuntur

81 1308 102 1371 2
126 1306 246 1392 uiginti
274 1305 341 1370 fere
370 1305 441 1370 ouis
467 1303 613 1388 pariendi
637 1305 716 1368 ordo
740 1304 951 1370 concluditur.
992 1306 1132 1392 gallinae

124 1396 178 1460 his
200 1394 316 1459 melius
335 1393 546 1479 incubabunt,
569 1392 616 1456 ita
632 1397 671 1457 ut
691 1393 874 1478 quindecim
890 1393 1054 1460 fasianina
1072 1417 1133 1461 oua

124 1485 235 1550 nutrix
258 1505 323 1546 una
346 1482 525 1566 cooperiat:
549 1485 655 1546 cetera
678 1481 729 1546 sui
752 1483 879 1568 generis
899 1484 1132 1568 subponuntur.

124 1575 158 1638 in
187 1571 398 1655 subponendo
422 1571 460 1634 de
484 1571 561 1634 luna
584 1573 618 1634 et
641 1570 766 1655 diebus,
795 1592 877 1656 quae
901 1577 977 1637 sunt
1000 1573 1037 1637 in
1059 1574 1131 1639 aliis

123 1662 224 1742 dicta,
257 1681 431 1724 seruemus.
475 1657 659 1723 tricesimus
692 1660 759 1724 dies
787 1665 933 1725 maturos
960 1661 1070 1746 pullos
1098 1664 1130 1728 in
1144 1689 1164 1729 1⁵

119 1751 230 1814 lumen
257 1749 395 1812 emittet.
441 1747 497 1811 sed
524 1770 582 1830 per
610 1749 794 1831 quindecim
820 1749 888 1814 dies
918 1749 1062 1816 discocto
1091 1774 1127 1817 ac

119 1838 312 1924 refrigerato
345 1835 462 1900 leuiter
492 1835 606 1901 hordei
637 1836 722 1903 farre
754 1843 941 1924 pascentur,
974 1840 1026 1904 cui
1059 1839 1127 1906 uini

121 1928 225 1992 imber
248 1926 440 2011 aspergitur.
476 1929 552 2009 post
574 1926 722 1991 triticum
743 1927 883 1992 fractum
900 1928 1075 2012 praebebis
1094 1935 1128 1994 et

119 2018 262 2083 locustas
282 2019 315 2080 et
334 2037 397 2080 oua
415 2013 578 2080 formicae.
615 2037 691 2080 sane
712 2017 752 2080 ab
771 2039 874 2100 aquae
892 2016 1128 2101 prohibeantur

71 2108 96 2171 '3
121 2129 264 2190 accessu,
292 2126 333 2168 ne
361 2126 417 2168 eos
442 2104 562 2188 pituita
586 2105 763 2169 concludat
811 2106 897 2189 quod
920 2105 949 2171 si
971 2105 1127 2191 pituItam
1141 2135 1165 2173 ro

119 2196 285 2280 patientur
312 2193 445 2277 fasiani,
473 2193 549 2257 allio
578 2215 652 2258 cum
674 2193 745 2278 pice
769 2194 892 2279 liquida
915 2195 995 2260 trito
1018 2201 1129 2262 rostra

119 2307 230 2349 eorum
256 2283 388 2348 debebis
416 2282 568 2346 adsiduus
594 2282 770 2365 perfricare
799 2284 851 2347 uel
878 2284 1011 2368 uitium,
1040 2285 1127 2351 sicut

74 2372 251 2458 4-gallinis
274 2372 345 2436 fieri
369 2371 549 2453 consueuit,
574 2370 707 2435 auferre.
744 2372 914 2456 saginandi
936 2373 1017 2437 haec
1041 2375 1128 2440 ratio

119 2465 183 2544 est,
206 2464 243 2524 ut
265 2459 360 2524 unius
384 2460 484 2524 modii
508 2460 637 2524 triticea
660 2459 766 2524 farina
788 2461 822 2525 in
846 2461 1057 2528 breuissimas
1079 2463 1128 2529 of-

119 2549 203 2613 fulas
231 2550 361 2613 redacta
389 2549 496 2612 clauso
526 2547 652 2614 fasiano
680 2571 739 2633 per
764 2549 903 2635 triginta
935 2549 1004 2615 dies
1033 2553 1128 2618 mini-
1142 2578 1165 2618 11

118 2641 223 2703 strata
252 2637 406 2701 sufficiat:
432 2636 485 2700 uel
512 2638 540 2700 si
563 2638 775 2704 hordeaceam
803 2639 941 2703 farinam
968 2641 1127 2723 praebere

117 2727 272 2809 uolueris,
305 2724 400 2790 unius
434 2729 466 2789 et
499 2726 642 2791 semissis
675 2728 775 2791 modii
806 2727 913 2792 farina
945 2750 1003 2811 per
1036 2752 1128 2814 prae·

189 2900 333 2954 ldolores
352 2899 413 2968 SE,
431 2899 561 2969 langores
580 2900 646 2954 Flu
675 2903 679 2972 1
709 2901 861 2955 infantium
879 2903 914 2971 Ε,
939 2901 1128 2959 similitudine

117 2971 271 3026 infancium
291 2972 321 3024 E
333 2973 342 3041 11
360 2977 376 3025 8
394 2986 489 3025 mense
507 2987 557 3024 om.
572 2971 603 3023 E
619 2974 628 3041 11
647 2977 662 3024 9
682 2988 748 3026 aues
767 2990 817 3026 om.
835 2973 860 3027 G
877 2976 880 3042 1
897 2973 1056 3042 sagacitate
1075 2977 1103 3028 V

119 3051 152 3098 10
172 3046 295 3112 aequant
313 3044 360 3097 Es
376 3044 379 3112 1
395 3042 424 3094 in
444 3059 493 3096 om.
509 3042 535 3094 L
546 3043 604 3095 VF
618 3044 621 3113 1
639 3047 735 3097 creant
753 3061 829 3114 ceys
842 3047 851 3114 11
866 3051 898 3097 11
919 3045 1070 3100 concludet
1087 3048 1100 3100 i

119 3123 150 3169 12
171 3115 281 3169 fasiana
299 3116 330 3168 E
355 3117 364 3184 11
392 3119 425 3167 13
444 3112 539 3165 nutrix
561 3130 618 3166 una
640 3116 736 3169 om.F
758 3116 762 3186 Ι
787 3118 816 3168 11
840 3118 951 3169 caetera
974 3134 1048 3188 119,
1071 3118 1114 3201 111

117 3190 228 3241 caetera
246 3204 259 3241 s
286 3188 295 3256 11
323 3191 356 3239 15
375 3185 522 3238 seruentur
540 3185 631 3254 iacps
654 3186 658 3255 1
680 3185 832 3240 inlumina
851 3187 947 3240 mittet
964 3187 1098 3243 LVFra

119 3264 151 3310 16
169 3275 219 3380 per
237 3257 287 3310 XII
306 3255 366 3310 dies
384 3258 396 3309 a'
413 3258 423 3324 11
442 3261 474 3308 17
493 3259 646 3323 pascuntur
664 3257 695 3310 Ε
706 3259 715 3326 11
730 3263 762 3310 18
781 3257 862 3311 hiber
880 3258 907 3311 L
923 3261 926 3327 1
943 3258 1051 3312 factum
1069 3261 1100 3313 Ε

117 3398 177 3451 fieri
195 3401 225 3452 Ε
240 3404 243 3469 1
261 3403 310 3453 aut
328 3400 399 3452 ferre
418 3399 457 3466 L,
478 3399 526 3449 aut
544 3396 600 3451 fere
620 3400 713 3469 171124
732 3399 837 3453 11111111
856 3401 1052 3471 acmen,
1074 3401 1126 3456 tri·

115 3468 237 3590 1111Τὲ
251 3472 263 3538 11
290 3476 323 3522 25
342 3469 503 3522 ministrata
522 3470 617 3523 011Ε
637 3473 646 3540 11
670 3475 703 3522 26
723 3472 773 3524 sub
794 3474 857 3541 (pro
876 3471 910 3541 111
929 3472 969 3525 L¹
992 3475 1001 3542 11
1029 3478 1125 3527 2711-

108 3555 181 3590 mesi

183 3328 272 3382 asiani
290 3328 435 3397 patientur
448 3327 479 3379 Ε
490 3327 499 3394 11
514 3332 546 3378 22
562 3326 673 3380 assidue
693 3328 716 3381 V
732 3329 735 3399 1
752 3328 849 3382 uinum
863 3330 962 3399 Ε1123
977 3330 1112 3384 consueui
