2378 3832
464 173 708 230 leniore-11
955 247 957 251 Ι
1047 179 1087 242 17

77 322 136 387 riis
160 322 266 407 magis
290 324 444 406 poterunt
468 320 647 386 conuenire.
687 322 742 385 sed
766 322 793 386 si
817 322 866 387 uti
889 345 1018 387 necesse
1043 324 1086 387 sit
1111 325 1131 388 3

76 412 178 476 maris
201 412 332 495 harena,
355 411 417 474 erit
441 410 647 475 commodum
665 411 755 494 prius
775 432 846 476 eam
865 413 980 475 lacuna
998 434 1087 476 umo-

74 502 122 565 ris
157 500 261 565 dulcis
293 499 446 584 inmergi,
479 502 516 562 ut
547 498 666 563 uitium
699 499 777 563 salis
808 501 900 584 aquis
932 501 1087 565 suauibus

75 590 168 655 eluta
200 589 348 673 deponat.
393 589 514 653 calcem
548 609 674 672 quoque
707 589 781 652 albo
814 611 891 654 saxo
925 590 1004 655 duro
1034 590 1087 654 uel

44 677 240 743 stiburtino
269 682 326 741 aut
352 677 537 741 columbino
561 676 686 741 fluuiali
709 699 884 761 coquemus
908 683 965 743 aut
989 680 1087 744 rubro

74 772 136 832 aut
156 764 293 852 spongia
312 769 368 829 aut
386 771 552 849 postremo
571 787 740 830 marmore.
773 767 828 851 qui
847 768 909 831 erit
928 789 967 832 ex
982 769 1087 853 spisso

75 861 111 920 et
143 857 223 920 duro
252 876 345 940 saxo,
373 855 546 919 structuris
575 855 740 919 conuenit:
769 878 807 920 ex
835 857 982 922 fistuloso
1010 881 1087 922 uero

76 949 138 1009 aut
157 944 300 1008 molliori
319 944 425 1027 lapide
444 943 590 1008 tectoriis
610 944 783 1008 adhibetur
801 945 922 1010 utilius.
960 948 995 1010 in
1014 948 1087 1011 dua-

75 1035 142 1098 bus
173 1032 313 1097 harenae
345 1033 494 1116 partibus
527 1032 624 1097 calcis
656 1055 722 1096 una
753 1032 917 1099 miscenda
947 1039 1006 1100 est.
1054 1037 1088 1100 in

28 1150 56 1187 ιο
75 1121 205 1187 fluuiali
231 1143 309 1186 uero
336 1121 458 1185 harena
486 1121 514 1185 si
545 1121 676 1186 tertiam
703 1126 830 1205 partem
853 1128 957 1188 testae
982 1128 1087 1188 cretae

77 1209 254 1293 addideris,
279 1233 411 1294 operum
436 1210 584 1274 soliditas
608 1211 690 1274 mira
713 1211 943 1293 praestabitur.

270 1511 329 1576 DE
353 1509 604 1576 LATERICIIS
628 1510 901 1578 PARIETIBVS.

148 1656 241 1732 Quod
274 1656 302 1718 si
333 1653 496 1718 latericios
529 1654 669 1737 parietes
701 1655 736 1718 in
765 1657 928 1740 praetorio
957 1656 1062 1721 facere
1093 1657 1140 1724 XI

78 1745 233 1823 uolueris,
257 1743 338 1808 illud
362 1765 491 1808 seruare
515 1744 656 1827 debebis,
680 1748 716 1808 ut
738 1743 889 1827 perfectis
909 1745 1087 1828 parietibus
1168 1787 1171 1792 -

28 1861 59 1902 15
75 1836 113 1899 in
147 1834 352 1919 summitate,
388 1854 469 1917 quae
507 1833 656 1896 trabibus
689 1833 886 1917 subiacebit,
923 1838 1087 1900 structura

74 1927 224 1988 testacea
252 1944 325 1988 cum
355 1921 483 1987 coronis
506 1922 766 2004 prominentibus
789 1923 848 1986 fiat
872 1923 1088 2006 sesquipedali

75 2011 262 2094 altitudine,
280 2015 327 2095 ut,
346 2011 373 2076 si
389 2014 559 2093 corruptae
574 2010 704 2095 tegulae
720 2015 776 2075 aut
790 2012 942 2076 imbrices
957 2011 1087 2092 fuerint,

79 2101 238 2184 parietem
269 2122 335 2164 non
366 2099 494 2183 possint
529 2105 698 2181 penetrare
733 2099 908 2183 perpluvia.
963 2099 1086 2163 Deinde

75 2189 312 2274 prouidendum
349 2192 412 2272 est,
447 2192 484 2252 ut
521 2187 615 2253 siccis
653 2192 685 2252 et
718 2187 876 2273 asperatis
909 2187 1086 2271 parietibus

28 2309 61 2348 ao
77 2278 235 2343 latericiis
267 2278 440 2342 inducatur
467 2277 646 2358 tectorium,
683 2276 768 2360 quod
795 2277 914 2340 umidis
945 2299 982 2340 ac
1010 2277 1087 2341 leui-

75 2369 139 2432 bus
172 2367 354 2448 adhaerere,
376 2388 443 2430 non
471 2367 592 2450 poterit
625 2369 658 2429 et
676 2364 757 2429 'ideo
786 2366 884 2429 tertio
914 2388 968 2430 eos
996 2366 1086 2450 prius

76 2456 210 2520 debebis
239 2456 410 2540 obducere,
437 2459 475 2519 ut
502 2454 675 2520 tectorium
704 2453 772 2518 sine
803 2456 1009 2539 corruptione
1037 2478 1087 2520 su·

75 2545 227 2629 scipiant.

152 2778 166 2825 1
188 2771 211 2825 si
225 2771 311 2842 oruQ
327 2773 331 2843 1
347 2770 467 2825 necessit
480 2771 503 2842 Q
515 2775 524 2841 11
538 2778 555 2824 4
570 2772 661 2826 elutat
678 2774 707 2843 Q,
723 2771 799 2826 elota
813 2773 905 2843 iaces
920 2774 924 2843 1
941 2772 1036 2827 albam
1050 2773 1086 2840 E,

76 2861 113 2897 ex
133 2842 197 2897 albo
217 2845 263 2911 ia,
283 2845 329 2915 [ex
361 2843 426 2897 albo
445 2861 498 2913 epa
520 2847 529 2913 11
556 2849 571 2897 ὅ
591 2843 700 2897 fluuiali
720 2861 821 2897 urenae
836 2861 865 2913 p,
884 2843 1029 2897 fluuialiue
1047 2861 1060 2896 s
1079 2845 1087 2914 11

77 2922 239 2985 6spongea
261 2916 319 2985 LQ
357 2916 388 2968 E
415 2917 419 2984 1
448 2917 619 2984 postremum
636 2916 698 2982 VT,
722 2931 859 2968 marmore
881 2919 1021 2983 postremo
1043 2931 1086 2984 pa,

76 3003 224 3040 marmore.
250 2987 395 3040 Postremo
410 3004 436 3054 a,
455 3003 600 3040 marmore.
628 2989 769 3055 postremo
785 3003 798 3039 0
814 2986 817 3055 1
835 2985 910 3053 quod
927 2986 994 3050 GE,
1014 3000 1086 3052 quae

76 3060 187 3127 009011
211 3063 226 3110 7
250 3061 311 3111 sato
337 3058 363 3111 G
385 3060 394 3127 11
417 3064 432 3110 9
451 3056 649 3127 mittendapss
665 3063 697 3110 10
715 3073 782 3110 uero
804 3072 851 3109 oro.
874 3055 942 3108 S¹E
965 3057 968 3123 1
993 3055 1087 3108 tectae

77 3132 144 3199 (pro
157 3131 259 3197 testae)
273 3130 304 3182 E
318 3130 321 3199 1
339 3130 435 3182 coctae
447 3129 470 3196 1,
486 3129 653 3252 [cretaepjcp
667 3131 675 3197 11
691 3134 722 3181 11
738 3125 884 3196 parabitur
894 3127 924 3178 Ε
936 3128 944 3193 11
960 3130 992 3176 13
1007 3142 1087 3193 prae-

74 3199 158 3253 toriis
173 3219 195 3268 p
208 3203 217 3269 11
233 3207 266 3252 14
284 3200 361 3253 istud
379 3201 412 3269 ill
432 3205 464 3252 15
484 3198 598 3253 subiace
619 3199 642 3252 is
661 3201 687 3252 L
701 3203 710 3268 11
730 3205 761 3251 16
781 3214 853 3265 quae
872 3195 967 3265 pedali
987 3195 1023 3248 sit
1039 3215 1060 3264 p
1078 3197 1087 3269 11

78 3278 112 3325 17
132 3271 253 3325 inbrices
283 3272 331 3340 Gll
355 3276 388 3323 18
406 3270 495 3340 possit
511 3271 708 3351 101000111οτ0
727 3270 758 3336 S,
777 3267 876 3338 pluuia
894 3270 1040 3336 penetrare
1057 3287 1086 3337 p,

76 3342 225 3396 stillicidia
243 3346 390 3412 penetrare
409 3360 452 3410 as,
473 3341 642 3413 [stillrcidia]
661 3343 807 3411 penetrare
824 3356 860 3408 cp
876 3339 879 3409 1
896 3356 945 3408 per
959 3340 1086 3408 pluuium

75 3415 305 3484 STFEc‘ucps,
325 3431 374 3468 om.
391 3417 434 3482 Pl
449 3420 483 3466 20
501 3415 639 3467 tectorum
656 3413 682 3480 S,
703 3428 771 3465 onus
790 3413 927 3463 tectorum
941 3412 971 3464 Ε
986 3413 992 3482 1
1007 3411 1087 3480 quoti

80 3488 126 3555 1111
141 3492 173 3537 22
194 3486 332 3539 abducere
349 3487 400 3558 Ε1
415 3484 552 3557 suscipiat
571 3485 600 3540 Ε

118 3583 261 3622 Panaenus
275 3585 309 3624 ed.
325 3585 461 3631 Schmitt.
939 3579 964 3625 ἢ·
