2378 3832
143 157 205 222 126
560 158 730 212 PALLnnn

139 303 290 368 elabitur.
336 305 366 369 si
394 327 497 389 ponas
522 304 648 371 semina
682 305 751 370 eins
785 305 889 370 adhue
922 304 1037 371 clausa
1066 303 1156 370 delli·

140 393 235 475 culis,
259 393 449 478 singulatim
477 416 576 458 manu
601 394 733 458 debebis
758 393 906 479 odligere.
945 395 976 458 si
996 391 1068 458 iem
1091 391 1155 458 mi-

138 485 220 545 nuta
239 485 324 567 sunt,
347 502 460 567 sparsa
476 482 616 548 lactabis
634 485 668 547 et
686 487 792 548 restro
811 483 955 548 obducta
973 483 1152 566 cooperies

138 571 247 634 caules
276 572 359 654 eius,
388 573 443 656 qui
470 573 605 637 inclusis
625 572 807 637 seminibus
826 572 901 636 nati
923 571 1064 654 ficetint,
1088 570 1152 637 for·

136 659 239 724 tiores
266 666 377 746 erunt,
407 661 463 727 sed
493 683 565 726 sero
592 665 775 726 nascentur.
818 660 942 725 rammi
972 660 1043 725 eius
1075 681 1149 726 cum
1163 687 1182 733 ,ε

137 748 248 833 aliqua
262 751 397 814 corticis
414 754 510 834 perte
526 750 678 815 conuulsi
695 771 796 815 uerno
816 750 963 834 tempore
979 771 1046 834 pro
1058 749 1150 833 ,plau-

87 838 181 904 lctis
209 840 381 904 tenebunt:
403 842 480 904 :tota
503 861 581 904 uero
603 839 766 904 mandate
789 838 954 903 morietur.
998 837 1149 905 nonnulli

135 927 281 992 ramulos
303 929 373 992 eiius
394 933 548 1012 pertusae
570 927 665 993 fabae
685 928 837 992 inserunt
852 927 906 991 nel
921 927 1031 992 rbnlbo
1050 932 1149 1010 atque

135 1014 184 1079 ita
209 1017 359 1081 obruunt
389 1017 497 1082 alieno
526 1017 641 1102 uigore
675 1017 860 1082 emendos.
902 1021 1149 1101 ,prosequuntur

135 1105 236 1170 etiam
265 1106 450 1171 maledictis
480 1109 516 1170 et
548 1106 687 1170 maxime
719 1106 754 1170 in
786 1111 875 1170 terra
905 1104 1006 1170 soluti
1033 1104 1176 1170 hurico

134 1197 273 1280 ponunt,
302 1196 388 1279 quod
413 1195 567 1279 prodesse
586 1194 807 1259 certissimum
824 1198 890 1259 est
931 1194 1006 1279 sed,
1033 1199 1073 1258 ut
1094 1193 1144 1258 sd-

132 1288 261 1367 scrunt,
292 1284 408 1349 melius
440 1284 565 1349 furtiua
600 1281 780 1368 proueniat.
832 1284 892 1347 sub
929 1281 985 1347 fici
1015 1283 1143 1347 arboris

134 1374 251 1437 umbra
268 1372 423 1438 libentius
443 1373 630 1457 adquiescit.
661 1371 844 1437 non'effcdi
862 1371 965 1436 herbe
980 1372 1041 1436 sed
1053 1374 1144 1456 optet

135 1462 248 1526 euelli.
284 1463 457 1527 inmundae
477 1462 621 1527 mulieris
640 1461 796 1526 formidat
813 1461 989 1526 odtactnm.
1027 1461 1145 1526 abhoc

142 1573 252 1617 mense
279 1573 382 1634 usque
408 1551 444 1615 in
471 1551 639 1616 octclnem
661 1553 769 1615 totum
792 1550 999 1615 coriandrum
1022 1549 1172 1614 seritius

134 1644 224 1705 emat
256 1642 378 1704 terram
409 1639 579 1725 pinguem,
603 1640 667 1705 sed
693 1643 728 1704 et
755 1661 866 1704 macro
888 1638 967 1704 solo
992 1638 1143 1703 nuscitur.

133 1751 244 1794 semen
267 1728 383 1792 melius
403 1732 549 1813 putatur,
566 1728 660 1813 quod
677 1728 842 1793 uetustius
862 1727 970 1792 fuerit.
1009 1727 1144 1793 delecte-

133 1822 188 1882 tur
211 1838 333 1881 umore.
371 1823 480 1883 satum
502 1818 583 1882 bene
602 1840 681 1882 cum
705 1816 791 1882 olere
814 1838 1020 1900 quocumque
1039 1837 1143 1882 nosce

82 1909 196 1972 Ilitur.
238 1907 304 1971 lice
332 1929 443 1971 mense
469 1907 638 1972 cucurbita
662 1907 797 1970 serenda
818 1910 879 1971 at.
923 1909 1016 1970 emat
1036 1905 1141 1971 selum

132 1997 263 2082 pingue,
285 1995 442 2081 umidum,
465 1999 692 2078 sterceratmn,
705 1996 864 2061 selmum.
901 1995 965 2059 hcc
982 1994 1019 2058 in
1034 2013 1169 2061 ccwurn

131 2085 210 2150 bitis
236 2085 367 2170 insigne
396 2089 459 2169 est,
487 2085 574 2169 quod
600 2085 716 2170 longas
745 2084 878 2168 perdunt
904 2088 940 2148 et
966 2083 1071 2149 exiles
1091 2103 1141 2148 :se-

131 2175 228 2256 mina
248 2196 329 2259 quae
348 2175 384 2239 in
400 2194 513 2239 earum
523 2174 655 2239 »ceruice
669 2177 863 2238 naseuntur:
882 2194 966 2257 quae
980 2171 1018 2238 in
1031 2176 1140 2239 uentre

130 2263 273 2345 fuerant,
297 2264 482 2329 cucurbitas
505 2262 630 2328 faciunt
654 2262 844 2346 crassiores,
866 2282 949 2346 quae
972 2261 1013 2326 in
1036 2261 1141 2344 fundo,

130 2353 223 2432 latas,
247 2352 274 2418 si
297 2353 435 2418 inuersis
460 2350 680 2417 cacuminibus
705 2352 893 2416 obruantur.
934 2351 992 2416 obi
1019 2351 1139 2418 odoles-

132 2463 201 2505 cere
226 2443 404 2525 coeperint,
429 2441 634 2505 adminiculis
657 2439 860 2505 adiuuentur.
907 2461 990 2524 quae
1013 2457 1169 2504 seman-a

131 2533 186 2593 tur
207 2530 249 2593 ed
269 2531 411 2616 semina,
436 2551 540 2614 usque
567 2531 609 2594 ad
630 2528 772 2595 hiemem
789 2529 829 2592 in
852 2550 912 2593 sue
928 2528 1003 2592 uite
1026 2529 1138 2615 depen-

131 2618 241 2701 deant,
274 2619 386 2683 deinde
420 2619 568 2683 sublatae
600 2618 635 2683 in
669 2618 736 2682 sole
765 2620 931 2702 ponantur
957 2621 1017 2682 eut
1045 2617 1140 2683 fumo.

202 2817 216 2863 1
237 2810 296 2865 eius
315 2828 364 2865 ona.
379 2811 406 2864 L
431 2814 435 2879 1
460 2810 638 2880 fossiculisp
660 2812 669 2879 11
693 2815 709 2862 2
726 2808 899 2878 singillatim
913 2808 979 2879 QE
998 2812 1002 2878 1
1023 2809 1141 2864 adficere

129 2882 225 2952 PLQ,
245 2882 356 2936 afficere
375 2882 437 2936 Eo
453 2883 457 2953 1
472 2882 582 2936 munita
600 2882 627 2935 V
646 2884 655 2951 11
678 2886 695 2934 3
714 2897 815 2950 sparge
834 2881 865 2934 Ε
883 2882 887 2949 1
908 2879 1017 2951 operies
1038 2881 1116 2950 SEp
1128 2879 1140 2952 11

129 2961 144 3009 6
165 2953 276 3008 corticis
296 2970 344 3008 cm.
359 2954 409 3023 ΕΙ
425 2969 491 3007 uere
506 2971 528 3022 p
546 2956 555 3022 11
575 2959 590 3006 7
607 2955 692 3007 emmt
706 2969 760 3022 pro
777 2952 915 3006 tenebunt
928 2951 959 3004 E
980 2953 990 3021 1
1012 2956 1030 3005 8
1047 2969 1140 3006 remu·

129 3025 172 3079 lus
191 3027 225 3094 L,
244 3042 337 3079 ramos
353 3024 461 3148 6111181
479 3024 566 3078 bulbo
585 3041 635 3078 cm.
650 3027 662 3077 a'
678 3025 682 3092 1
698 3023 776 3078 bullo
790 3023 841 3092 Ε11
856 3029 890 3076 10
908 3021 1079 3077 maledictus
1091 3025 1118 3078 L

129 3104 161 3151 11
185 3097 272 3166 prode
295 3111 356 3150 esse
423 3097 437 3163 11
466 3101 498 3148 12
520 3095 644 3149 fructiua
662 3097 689 3150 L
718 3100 722 3164 1
750 3093 921 3164 proueniunt
937 3093 993 3163 ρι’,
1019 3111 1072 3149 om.
1086 3093 1117 3149 Ε

129 3175 161 3222 13
181 3167 403 3237 acquiescuntp
419 3168 423 3235 Ι
439 3167 546 3240 herbas,
560 3166 730 3236 Posides,
754 3166 872 3220 herbam
888 3166 901 3218 i
920 3166 925 3236 1
947 3167 1051 3234 optata
1073 3184 1093 3219 u

129 3241 186 3294 PL
195 3241 227 3308 V,
246 3241 344 3309 optato
364 3237 450 3292 auelli
464 3238 501 3305 E,
521 3241 602 3307 optat
620 3255 670 3292 aaa
684 3255 706 3306 p
719 3240 729 3307 11
744 3244 777 3290 14
796 3236 1140 3292 inmundae-adtectum

128 3327 177 3364 om.
190 3329 211 3379 p
225 3314 234 3381 11
249 3316 282 3364 16
297 3326 361 3364 ama
377 3309 423 3380 01
438 3314 470 3362 18
489 3309 604 3363 humore
618 3311 719 3363 satum.
745 3309 820 3362 Bene
834 3309 872 3376 Ε,
890 3307 968 3361 Bene
983 3309 1077 3362 satum
1093 3308 1138 3378 61

128 3399 192 3434 cum
204 3382 308 3436 molere
320 3381 343 3451 Q
356 3383 365 3450 11
378 3387 413 3434 20
431 3379 567 3450 pinguem
578 3381 603 3433 G
616 3383 626 3450 11
641 3386 673 3433 21
689 3382 719 3433 et
732 3396 782 3433 om.
796 3379 819 3450 Q
835 3381 838 3450 1
853 3377 969 3433 Semina
981 3378 1015 3432 Ε
1021 3382 1037 3449 11
1050 3385 1085 3433 22
1099 3378 1140 3432 in·

127 3456 230 3505 uentae
246 3453 280 3506 Ε
296 3455 309 3523 11
330 3457 366 3506 26
385 3468 472 3521 usque
491 3450 521 3504 in
541 3452 603 3507 (ΞΕ
616 3454 622 3522 1
636 3450 748 3504 hiemen
765 3450 827 3520 ΩΕ
841 3453 845 3518 1
860 3449 891 3504 in
906 3449 1055 3506 suauitate
1075 3449 1140 3521 QG,

108 3536 160 3573 om,
176 3523 284 3591 Ε127
300 3523 330 3578 in
350 3523 413 3581 solo
433 3524 569 3581 sublatae
588 3524 769 3594 deponantur
790 3522 816 3575 Ε
