2378 3832
450 181 594 238 11111101
608 188 713 237 34-35
1044 183 1085 246 31

148 325 270 393 Contra
297 329 417 394 culices
444 333 478 394 et
504 327 638 393 limaces
661 328 715 393 uel
738 350 902 394 amurcam
926 332 1086 393 recentem

69 417 134 481 luel
156 438 196 481 ex
218 416 353 482 cameris
376 416 548 504 fuliginem
571 417 763 502 spargimus.

147 503 269 571 Oonira
290 505 455 591 formicas,
478 507 506 570 si
528 505 563 569 in
586 506 683 570 horto
706 505 830 570 habent
852 505 1010 588 foramen,
1032 527 1088 570 cor

70 597 217 660 mesinae
249 593 492 660 admoneamus:
530 594 559 658 si
586 593 667 660 foris
694 595 844 679 ueniunt,
876 617 971 660 omne
997 594 1087 658 hosii

28 692 36 730 ἱ
80 683 224 768 spatium
246 683 354 749 cinere
377 687 434 748 aut
456 688 563 749 cretae
587 685 726 748 candore
749 684 958 769 signabimus.

146 770 271 839 conus
284 794 396 838 erucas
411 772 543 856 semina,
558 793 639 856 quae
654 773 836 859 spargenda
849 778 934 855 suni,
949 793 1088 856 semper·
1111 758 1132 822 3

83 860 150 926 uiui
169 881 246 926 suco
265 861 441 926 madefiani
457 862 512 926 uel
526 882 698 926 erucarum
710 861 875 947 sanguine.
907 862 991 926 cicer
1004 859 1089 926 inter

83 950 171 1015 olera
203 953 338 1034 propior
367 950 473 1014 mulla
503 953 661 1034 portenta
685 950 855 1015 serendum
883 955 942 1014 est.
988 949 1089 1034 aliqui

84 1039 224 1103 cinerem
248 1039 287 1103 de
305 1037 374 1103 fico·
387 1060 485 1123 super
503 1060 615 1104 erucas
636 1043 803 1124 sparguni.
837 1039 917 1102 item
936 1038 1088 1121 squillam

28 1142 62 1182 0
83 1128 135 1191 uel
158 1127 193 1190 in
215 1126 314 1191 horto
339 1131 451 1192 serunt
473 1128 526 1192 uel
550 1131 637 1192 cerie
657 1127 866 1211 suspendunt.
903 1127 1004 1210 aliqui
1022 1150 1089 1191 mu-

83 1214 195 1281 lierem
223 1219 483 1281 menstruantem:
507 1237 667 1300 nusquam
691 1217 830 1282 cinctam
855 1216 970 1280 solutis
994 1215 1090 1298 capil-

82 1304 122 1369 lis
155 1302 251 1368 nudis
283 1304 420 1388 pedibus
453 1310 567 1371 contra
600 1327 712 1369 erucas
745 1310 778 1369 et
813 1308 920 1370 celera
956 1303 1089 1368 hortum

81 1393 208 1459 faeinni
239 1391 419 1458 circumire.
464 1394 566 1478 aliqui
598 1392 745 1458 fluuiales
778 1415 910 1459 cancros
942 1393 1088 1477 pluribus

80 1482 161 1548 locis
185 1481 273 1545 inira
294 1482 427 1547 horsum
450 1482 654 1568 crucifigunt.

28 1586 68 1634 15
148 1567 271 1635 Contra
294 1571 456 1656 animalia,
482 1592 564 1655 quae
582 1571 706 1636 uitibus
725 1575 853 1656 nocent,
876 1570 1089 1656 cantharides,
1111 1557 1134 1622 4

83 1681 164 1744 quas
191 1659 226 1723 in
252 1660 336 1725 rosis
363 1658 510 1725 inuenire
534 1661 775 1743 consumimus,
804 1659 874 1725 oleo
898 1682 1019 1724 mersas
1043 1683 1090 1724 re·

81 1747 171 1814 solui·
190 1747 326 1832 patieris
348 1748 383 1812 in
406 1750 516 1813 tabem
539 1754 586 1834 et,
614 1771 687 1814 curn
710 1750 872 1834 putandae
897 1755 973 1813 sunt
995 1749 1090 1829 uites,

82 1837 153 1903 hoo.
165 1837 236 1902 oleo
255 1837 355 1903 falces
369 1858 538 1923 perunges.
567 1838 801 1923 extinguuntur
815 1836 945 1904 cimices
960 1859 1090 1902 amurca

82 1931 116 1991 ei
145 1925 221 1990 felle
252 1926 376 1991 bubulo
409 1927 503 1991 lectis
536 1932 593 1990 aui
621 1927 701 1991 locis
728 1927 894 2012 perunctis
921 1927 974 1990 uel
1001 1927 1089 1992 foliis

45 2016 196 2080 nedcrae
220 2014 311 2079 tricis
334 2037 373 2080 ex
396 2015 468 2080 oleo
491 2016 544 2080 uel
567 2016 706 2080 incensis
730 2013 945 2101 sanguisugis.

148 2102 197 2168 Vr
226 2104 315 2169 olera
342 2103 495 2169 animalia
518 2104 636 2169 infesta
659 2126 725 2169 non
748 2108 916 2189 generent,
943 2104 977 2166 in
1000 2103 1088 2168 corio
1112 2087 1133 2153 5

81 2192 256 2258 testudinis
282 2193 391 2258 omnia
414 2193 546 2276 semina,
571 2214 651 2277 quae
675 2214 846 2276 sparsurus
865 2213 909 2274 es,
933 2192 1018 2256 sicca
1036 2192 1089 2256 uel

80 2287 226 2347 menium
258 2281 339 2346 locis
371 2281 537 2366 pluribus,
565 2282 704 2346 maxime
737 2280 823 2345 inter
856 2280 979 2363 caules,
1011 2303 1088 2347 sere.

79 2371 143 2436 hoc
160 2374 328 2454 praestare
346 2370 451 2435 fertur
469 2392 583 2435 eruum
602 2370 842 2454 aliquantulum
861 2373 977 2454 salum,
999 2393 1089 2454 prae·

43 2484 67 2524 11
82 2460 177 2543 cipue
200 2459 259 2524 nbi
281 2459 404 2524 radices
428 2464 462 2523 ei
480 2481 559 2543 rapa
576 2462 762 2524 nascuntur.
797 2459 850 2523 uel
870 2480 942 2524 acre
961 2463 1089 2526 acetum

153 2691 167 2738 1
189 2684 292 2739 Contra
311 2684 414 2766 culices
432 2687 512 2741 addit
528 2687 560 2741 in
577 2687 701 2767 margine
721 2686 761 2741 (3³
781 2689 792 2767 l
819 2693 834 2739 2
856 2703 890 2741 ea
908 2689 973 2756 (pro
991 2689 1034 2757 ex)
1053 2688 1088 2756 L,

80 2773 98 2810 a
118 2756 153 2823 G,
177 2771 211 2810 ex
232 2772 349 2810 comens
369 2758 617 2825 eremiticum,
637 2775 667 2810 m
686 2774 802 2812 comens
821 2760 854 2812 io
871 2759 993 2828 niaryine
1007 2776 1089 2826 prae-

81 2828 167 2908 bet?
186 2829 195 2897 ΙΙ
218 2832 234 2880 3
254 2826 358 2882 Contra
375 2827 505 2909 formicas
525 2831 604 2884 addit
621 2831 653 2882 in
670 2830 793 2900 noarys'ne
813 2828 853 2883 (2³
874 2830 884 2897 ll
905 2835 923 2882 4
940 2828 1015 2882 foras
1036 2828 1061 2882 G·
1079 2828 1089 2900 ll

80 2899 1090 3042 ?.;¹52‡l¹.lul‚i.llrln‘ltmli.l}⁹.⁸lllllrililnllsll

79 3042 205 3111 marsim
225 3043 229 3111 l
250 3040 323 3094 cicer
342 3043 436 3095 autem
454 3042 502 3110 ΕΙ
525 3041 600 3094 inira
618 3060 676 3122 ch
692 3044 714 3123 jl
730 3047 746 3095 9
765 3040 819 3093 ficu
838 3040 893 3095 SE
910 3043 923 3163 l
946 3046 978 3120 10
997 3039 1027 3092 in
1046 3056 1089 3093 or-

79 3115 141 3166 tum
160 3112 259 3181 1131111
279 3112 547 3193 1111111111111111111
562 3119 594 3165 13
614 3129 730 3194 sucurre
749 3112 808 3166 VE
819 3114 828 3181 ΙΙ
843 3117 876 3164 14
895 3128 980 3193 cavrs
999 3111 1090 3181 figunt

77 3186 241 3325 lull
255 3182 1089 3335 101111111111111111111111111

78 3324 370 3468 111111111θῖ
388 3325 1001 3477 11111111111111111111911
1021 3342 1089 3450 ll.

78 3467 186 3522 bubulo
205 3484 253 3520 om.
261 3485 288 3535 p
305 3470 319 3536 ll
341 3472 375 3520 20
393 3485 586 3542 sanguisugus
607 3468 631 3544 Q
647 3471 661 3544 ll
676 3476 716 3527 ‘24
727 3468 856 3525 lneroum
873 3467 954 3540 QSV
967 3469 1112 3536 &sianum

69 3537 168 3603 MV,
187 3539 411 3609 succensam
429 3546 593 3614 pascuntur
614 3545 644 3603 Ε
