2378 3832
441 168 558 223 AGRIO.
572 169 624 223 XII
639 175 742 224 13-15
1027 171 1091 236 249

309 314 368 379 DE
392 313 593 379 MATERIE
617 313 870 381 GAEDENDA.

154 421 250 486 Nunc
279 422 431 486 materies
455 422 495 485 ad
518 422 676 486 fabricam
699 423 859 487 caedenda
886 428 948 507 est,
978 446 1052 489 cum
1083 425 1145 492 XV

85 510 165 575 luna
193 510 357 576 decrescit.
404 511 460 574 sed
488 511 632 594 arbores,
667 532 747 595 quae
776 513 961 598 caedentur,
990 535 1092 598 usque

86 601 127 665 ad
151 599 325 664 medullam
350 599 517 664 securibus
548 599 667 664 recisas
695 599 896 683 aliquamdiu
924 606 1010 667 stare
1038 626 1093 687 pa-

56 688 189 774 rtieris,
213 693 250 753 ut
273 711 331 773 par
349 710 403 753 eas
426 693 535 772 partes
558 710 661 773 umor,
684 689 803 773 siquis
827 690 861 753 in
880 690 971 755 uenis
991 693 1092 756 conti·

84 782 191 863 netur,
210 782 368 843 excurrat.
400 777 498 842 utiles
518 783 626 842 autem
645 780 721 842 sunt
740 778 878 842 maxime
892 779 962 844 hae.
995 781 1092 866 abies,

41 886 43 890 ’
85 888 183 951 quam
207 866 359 951 gallicam
382 864 515 952 uocant,
541 866 605 930 nisi
633 866 836 950 perpluatur,
864 867 959 951 leuis,
987 869 1092 956 rigida

85 959 119 1018 et
148 956 183 1019 in
216 956 367 1038 operibus
396 954 489 1019 siccis
518 977 657 1039 perenne
686 955 851 1021 durabilis.
902 957 991 1021 larex
1018 959 1093 1023 util-

84 1042 173 1129 lima‚
196 1066 235 1108 ex
259 1066 322 1128 qua
345 1043 374 1108 si
396 1044 525 1108 tabulas
549 1043 684 1129 suffigas
710 1044 828 1130 tegulis
856 1046 892 1109 in
914 1045 1022 1111 fronte
1046 1052 1092 1112 at

41 1159 70 1198 1o
86 1154 147 1216 que
172 1133 378 1197 extremitate
401 1136 571 1216 tectorum,
593 1130 789 1216 praesidium
809 1138 923 1198 contra
945 1135 1092 1201 incendia

86 1221 268 1285 contulisti:
296 1243 399 1305 neque
428 1222 513 1285 enim
541 1221 706 1285 flammam
733 1222 908 1305 recipiunt,
941 1228 998 1287 aut
1025 1247 1092 1288 car-

84 1309 186 1374 bones
209 1313 347 1394 possunt
371 1331 486 1374 creare.
533 1331 668 1394 quercus
697 1310 867 1392 durabilis,
895 1312 923 1376 si
951 1313 1089 1378 terrenis
1113 1316 1136 1379 2

84 1398 238 1482 operibus
262 1399 419 1462 obruatur
437 1402 471 1462 et
489 1398 693 1482 aliquatenus
711 1399 804 1482 palis.
841 1401 986 1464 aesculus
1006 1403 1091 1466 aedi-

83 1486 167 1551 ficiis
183 1491 216 1551 et
230 1487 346 1552 redicis
365 1492 441 1570 apta
460 1487 621 1551 materies.
654 1491 805 1552 castanea
823 1489 906 1552 mira
925 1489 1090 1555 soliditate

39 1602 67 1642 15
82 1576 238 1658 perdurat
262 1576 296 1639 in
320 1577 406 1660 agris
435 1582 468 1640 et
491 1575 602 1659 tectis,
631 1580 663 1640 et
692 1576 842 1660 operibus
867 1579 982 1642 ceteris
1009 1579 1091 1644 inte-

83 1665 193 1749 stinis,
230 1665 321 1729 cuius
352 1665 457 1729 solum
487 1665 612 1748 pondus
644 1666 679 1729 in
711 1665 793 1730 uitio
824 1670 882 1731 est.
931 1667 1027 1753 fagus
1056 1669 1091 1733 in

82 1751 169 1818 sicco
204 1754 314 1839 utilis,
350 1776 462 1819 umore
496 1755 722 1837 corrumpitur.
771 1754 910 1839 populus
942 1761 1089 1842 utraque,

82 1841 165 1905 salix
189 1846 223 1906 et
245 1841 317 1906 tilia
340 1843 375 1905 in
394 1842 570 1926 sculpturis
589 1843 797 1908 necessariae.
836 1845 928 1909 alnus
947 1845 1088 1911 fabricae

81 1931 209 1995 inutilis
234 1932 291 1994 sed
312 1932 504 2016 necessaria,
527 1932 555 1995 si
578 1932 707 1996 umidus
729 1931 819 1996 locus
842 1934 882 1996 ad
905 1934 1089 2017 accipienda

38 2047 66 2085 ao
79 2019 292 2084 fundamenta
315 2019 472 2102 palandus
496 2024 554 2084 est.
600 2020 707 2084 ulmus
731 2025 764 2084 et
787 2020 945 2104 fraxinus,
974 2022 1002 2086 si
1030 2024 1089 2088 sic·

80 2112 204 2189 centur,
223 2109 397 2193 rigescunt,
417 2112 492 2172 ante
512 2109 693 2173 curuabiles
713 2110 836 2173 catenis
855 2110 952 2174 utiles
970 2110 1088 2176 haben·

79 2201 144 2262 tur.
191 2197 340 2280 carpinus
366 2196 521 2279 utillima,
545 2218 715 2280 cupressus
740 2198 883 2282 egregia,
905 2198 1000 2280 pinus
1024 2199 1088 2264 nisi
1111 2202 1132 2266 3

79 2285 116 2350 in
145 2286 291 2351 siccitate
322 2308 389 2350 non
419 2287 551 2350 durans:
586 2286 637 2350 cui
668 2289 781 2350 contra
812 2287 947 2350 celerem
981 2292 1089 2371 putre

79 2374 189 2439 dinem
217 2375 347 2459 conperi
377 2375 411 2439 in
439 2373 588 2439 Sardinia
614 2375 677 2438 hoo
704 2395 820 2459 genere
848 2375 1024 2460 prouideri,
1051 2380 1089 2441 ut

153 2534 231 2585 test
249 2549 298 2586 om.
321 2532 347 2586 G
369 2535 378 2601 ΙΙ
405 2539 420 2584 3
446 2532 601 2585 caeduntur
618 2531 650 2598 S,
675 2532 811 2585 ceduntur
829 2533 929 2586 EVF
948 2535 958 2603 ΙΙ
985 2540 1000 2587 6
1025 2536 1090 2586 sunt

79 2605 176 2656 autem
195 2602 432 2674 LVGSETFl
449 2602 503 2656 hac
516 2602 636 2655 maxime
655 2603 755 2673 iocps,
774 2602 894 2656 maxime
908 2621 991 2673 om.p
1005 2607 1014 2674 Ι(
1029 2611 1043 2657 7
1058 2604 1088 2657 ni

78 2690 164 2743 super
180 2673 315 2742 pluantur
333 2675 374 2742 Ε,
400 2672 454 2726 nisi
476 2673 622 2743 perluatur
644 2674 714 2744 c‘cps
741 2676 749 2743 ΙΙ
781 2679 866 2743 Sper
891 2675 1019 2743 hyemem
1034 2692 1087 2744 pro

77 2760 202 2814 perenne
220 2745 250 2797 E
274 2747 277 2813 Ι
307 2743 355 2797 ΒΕ
374 2744 504 2798 LARICE
522 2745 574 2800 ins.
593 2745 618 2799 G
634 2744 637 2816 l
658 2744 743 2798 Larix
761 2747 890 2800 editiones
905 2748 909 2816 Ι
925 2744 1027 2798 ultima
1044 2746 1085 2818 Τ]

78 2814 232 2869 utilissima
249 2817 342 2886 c'oops
362 2819 371 2885 ΙΙ
396 2822 412 2869 9
432 2816 481 2869 sed
496 2833 550 2885 pro
568 2816 592 2869 si
610 2816 641 2869 E
661 2818 664 2884 Ι
685 2815 788 2886 tegulis
807 2833 890 2884 om.p
907 2817 917 2889 ll
943 2822 976 2869 10
995 2817 1088 2870 incen-

78 2885 158 2940 dium
171 2886 202 2939 E
214 2889 223 2955 ΙΙ
238 2892 270 2939 11
285 2886 426 2940 flammam
440 2904 490 2941 om.
505 2888 536 2941 Ε
547 2889 556 2956 ll
572 2893 604 2940 12
620 2903 714 2941 creare
727 2891 844 2957 possunt
859 2890 964 2959 iacps,
984 2890 1086 2942 creant.

78 2956 202 3022 Quercus
218 2974 239 3026 p
262 2960 270 3026 ll
294 2962 327 3010 13
346 2956 462 3011 Aesclus
482 2959 539 3011 PL
549 2960 584 3025 V,
604 2957 705 3011 esculis
724 2960 764 3027 Ε,
785 2959 875 3012 eselus
894 2960 925 3012 Ε
935 2961 944 3028 ll
963 2965 996 3012 14
1015 2957 1088 3012 radi-

77 3028 118 3083 cis
144 3028 209 3094 GT,
241 3027 342 3081 recidis
369 3030 439 3095 VE,
472 3029 579 3082 reduris
603 3030 643 3095 F,
674 3028 771 3082 ridicis
794 3032 886 3100 iocos
908 3033 911 3100 Ι
937 3033 966 3084 et
992 3029 1087 3082 ridicis

77 3117 127 3154 om.
139 3117 162 3167 p
178 3099 182 3170 Ι
200 3099 259 3152 alta
273 3117 326 3168 pro
340 3102 408 3169 apta
421 3101 452 3153 Ε
467 3101 470 3167 Ι
486 3099 616 3154 materies
635 3117 684 3154 ora.
701 3103 745 3170 pss
759 3106 792 3153 15
812 3100 942 3169 operibus
960 3100 1087 3169 internis,

78 3170 196 3239 cuiusp
222 3173 231 3239 ss
256 3176 288 3224 17
306 3171 427 3240 populus
446 3174 565 3239 utraque
584 3188 632 3225 oro.
653 3172 675 3225 S
682 3172 726 3224 1Ε
751 3174 760 3241 n
788 3177 820 3226 18
841 3174 869 3225 et
893 3171 965 3224 salix
983 3189 1060 3242 ocps

78 3239 211 3295 sculturis
231 3242 299 3308 ΡΤ,
319 3241 436 3296 culturis
454 3243 496 3310 Ε,
516 3241 664 3310 scalpturis
683 3260 759 3313 ceps
772 3246 781 3312 ll
797 3249 829 3296 19
849 3241 903 3296 Sed
919 3259 971 3312 pro
990 3242 1013 3295 si
1031 3243 1062 3296 Ε

78 3317 111 3366 ut
130 3311 218 3381 accip.
238 3313 268 3380 V,
288 3330 337 3366 om.
353 3331 376 3381 p
399 3316 408 3382 ΙῙ
431 3318 465 3365 20
483 3314 623 3381 parandus
638 3314 669 3367 Ε
689 3317 698 3383 ΙΙ
722 3321 754 3366 21
775 3313 875 3367 catinis
897 3314 934 3382 G,
961 3313 1087 3367 cathenis

76 3385 123 3439 Ei
134 3387 145 3454 ΙΙ
159 3389 193 3437 22
220 3382 354 3452 Caprinus
374 3384 396 3438 S
403 3384 524 3452 1ΕΡΘ,
544 3383 674 3438 carbinus
698 3386 724 3438 V
743 3385 746 3455 l
766 3384 866 3438 ultima
887 3387 918 3451 T,
937 3383 1088 3439 utilissima

77 3456 171 3525 i'ocps
187 3455 191 3525 Ι
208 3454 337 3524 carpinus
355 3454 478 3508 utillima
492 3473 575 3525 ooap
591 3459 595 3525 Ι
612 3455 725 3525 egregia
731 3477 740 3522 ,·
759 3455 881 3509 utillima
900 3456 929 3509 Ε
941 3458 1000 3524 llas
1018 3455 1090 3508 ceie-

77 3543 136 3580 rem
156 3543 203 3580 om,
218 3529 266 3595 pl}
280 3533 313 3578 24
332 3525 428 3583 sardia
446 3528 472 3581 L
