2378 3832
97 187 162 250 100
513 185 683 240 PALLADH

97 337 232 419 argutos
266 352 406 415 sapores.
458 353 612 416 generum
643 333 821 398 uarietates
852 333 967 418 exequi
996 356 1107 418 super-

96 444 235 487 uacuum
267 424 363 505 puto,
400 442 473 506 cum
504 419 539 484 in
571 422 727 504 ponendis
760 422 813 486 uel
845 423 1028 488 excolendis
1063 424 1108 488 sit

96 511 185 575 nulla
215 509 378 574 distantia.
425 509 453 573 si
480 509 635 595 languida
662 511 758 574 arbor
786 516 837 576 est
863 511 941 596 piri,
969 512 1022 576 uel
1053 513 1108 577 ob-

97 601 267 682 laqueatae
295 598 437 663 radicem
460 599 605 663 terebras
628 603 662 663 et
683 598 730 664 ibi
753 599 897 685 ligneum
920 601 1034 684 palum
1058 602 1110 666 de

47 694 50 699 '
97 688 211 772 primis
230 688 283 752 uel
299 688 334 751 in
348 692 462 752 trunco
476 687 628 752 similiter
641 689 806 754 terebrato
823 711 862 753 ex
876 690 952 753 teda
968 711 1112 754 cuneum

56 777 77 843 5
100 778 174 862 figis
196 779 258 860 uel,
281 777 309 840 si
328 777 391 841 hoc
409 776 501 858 desit,
525 799 564 840 ex
583 799 711 860 quercu.
746 799 872 842 uermes
891 777 960 842 eius
980 779 1119 844 arboris

100 871 133 930 et
159 866 231 930 nati
257 869 415 931 necantur
439 872 472 929 et
494 865 584 929 nasci
606 865 822 950 prohibentur
844 867 1008 931 radicibus
1033 867 1120 932 felle

99 955 229 1019 taurino
257 955 443 1038 frequenter
476 954 601 1018 infusis.
653 955 733 1018 item
767 953 853 1020 feces
885 956 955 1019 uini
987 955 1123 1021 ueteris

97 1049 253 1128 recentes,
273 1044 301 1108 si
319 1043 483 1107 radicibus
502 1042 720 1108 adfundantur
737 1066 795 1127 per
813 1044 966 1126 triduum,
986 1045 1119 1110 diutius

55 1135 75 1200 6
99 1135 231 1198 arbores
255 1133 289 1198 in
312 1132 448 1197 floribus
472 1132 619 1195 laborare
642 1154 708 1197 non
730 1132 863 1197 faciunt.
909 1133 935 1196 si
960 1133 1151 1217 lapidosas

97 1223 188 1307 pirus
212 1226 271 1304 est,
295 1223 335 1286 ab
359 1222 512 1285 extremis
536 1220 698 1285 radicibus
720 1226 841 1286 terram
859 1222 1002 1305 priorem
1020 1221 1112 1287 leua-

98 1312 148 1376 bis
176 1320 210 1376 et
238 1332 383 1376 secernas
412 1331 522 1374 omnes
545 1308 690 1393 lapillos:
719 1310 836 1393 quibus
860 1310 1037 1395 diligenter
1062 1335 1110 1377 re

98 1401 196 1465 motis
226 1400 362 1464 alteram
389 1404 511 1464 terram
537 1398 643 1464 cribro
667 1403 789 1463 cretam
813 1399 847 1462 in
869 1399 942 1464 loco
967 1399 1038 1465 eius
1061 1401 1107 1464 in·

52 1491 72 1555 7
96 1490 220 1554 fundes.
258 1490 313 1552 sed
331 1488 395 1552 hoc
412 1488 565 1572 proderit,
584 1487 612 1551 si
631 1487 738 1573 rigare
757 1509 823 1552 non
842 1510 956 1553 cesses.
994 1512 1104 1555 mense

96 1576 260 1642 februario
284 1580 317 1641 et
340 1577 458 1640 martio
481 1577 570 1660 pirus
594 1577 749 1641 inseritur
772 1599 870 1661 more,
894 1599 958 1661 quo
983 1578 1137 1643 dictuma

97 1670 160 1751 est,
185 1688 259 1731 cum
286 1667 324 1730 de
354 1665 507 1729 insitione
534 1666 754 1749 loqueremur,
783 1667 843 1730 sub
874 1667 995 1732 cortice
1019 1668 1106 1732 etin

96 1760 220 1819 trunco.
265 1753 420 1818 inseritur
449 1757 557 1817 autem
584 1753 657 1838 piro
681 1755 819 1840 agresti,
847 1754 946 1839 melo,
972 1759 1010 1820 ut
1031 1778 1107 1821 non·

42 1896 48 1919 ,
97 1844 188 1927 nulli,
212 1842 385 1928 amygdalo
405 1847 438 1906 et
457 1844 559 1925 spine,
578 1847 616 1906 ut
634 1841 809 1928 Vergilius,
829 1866 909 1908 orno
929 1847 962 1908 et
980 1844 1106 1909 fraxino

53 1936 72 2000 8
97 1939 131 1998 et
154 1933 306 2017 cydoneo,
329 1935 367 1995 ut
390 1930 501 2014 aliqui,
525 1937 558 1995 et
579 1931 697 2015 punico
722 1933 778 1996 sed
801 1932 878 1997 fisso
902 1931 1003 2017 ligno.
1043 1955 1107 1998 sur·

105 2023 197 2089 culus
229 2022 309 2107 piri,
342 2021 398 2105 qui
430 2018 584 2084 inseritur
612 2025 687 2085 ante
716 2020 908 2105 solstitium,
940 2022 1142 2087 anniculusn

105 2134 175 2179 esse
198 2112 295 2176 debet
322 2115 354 2175 et
372 2109 560 2193 priusquam
579 2109 708 2194 figatur,
730 2109 818 2174 foliis
837 2115 870 2174 et
889 2111 977 2175 omni
996 2116 1108 2177 tenera

104 2206 196 2286 parte
228 2200 363 2286 priuari:
397 2203 471 2283 post
503 2197 681 2263 solstitium
713 2221 790 2262 uero
824 2221 898 2263 eum
930 2199 1019 2284 figis,
1054 2200 1108 2284 qui

105 2313 266 2356 summum
289 2310 421 2374 germen
443 2287 585 2352 inclusit.
631 2286 720 2369 pirus
744 2287 832 2351 omni
855 2309 971 2372 genere
995 2288 1108 2353 inseri-

103 2383 167 2444 tur.
204 2378 380 2444 condienda
403 2381 479 2441 sunt
501 2377 572 2461 pira
593 2375 643 2439 die
661 2375 788 2458 placido
808 2376 1013 2442 decrescente
1032 2378 1110 2442 luna

97 2489 116 2530 a
138 2466 297 2551 uigesima
320 2466 459 2531 secunda
482 2488 584 2550 usque
607 2464 642 2528 in
665 2468 822 2529 octauam.
869 2467 981 2530 eadem
1007 2488 1109 2550 poma
1123 2487 1144 2528 a

170 2700 183 2746 1
209 2692 378 2763 superfluum
400 2693 430 2746 Ε
455 2695 464 2761 11
492 2698 508 2745 2
531 2691 578 2745 uel
602 2691 763 2746 excolendis
786 2708 876 2761 ooap
902 2695 911 2763 11
938 2692 1054 2747 snalla
1073 2693 1112 2748 sit

97 2767 192 2891 it⁶⁹r⁸
215 2763 1112 2916 1οὓὲὲᾳῖἰῖὛῶῗξέἳῖῗί“ἓῖξηῗηῗᾜ1116ᾞὲῗέἓ“ἒ

99 2854 289 2979 deprimisgpil
305 2907 375 2961 haec
393 2909 458 2976 3117
478 2905 502 2958 si
520 2904 663 2958 radicibus
677 2905 707 2958 Ε
722 2908 725 2975 1
741 2905 996 2960 felle-radicibus
1014 2924 1066 2962 om.
1084 2879 1113 2962 Fi

98 2981 130 3033 iu
148 2985 222 3034 testu
238 2985 262 3033 et
274 2979 335 3031 bob.
350 2979 382 3032 iu
395 2994 456 3032 mor
474 3020 479 3030 .
495 2992 567 3044 quae
581 2978 620 3045 118
639 2992 722 3046 saepe
734 2993 786 3044 pro
800 2976 960 3045 frequenter
970 2980 1016 3047 1711
1031 2984 1047 3030 9
1069 2995 1111 3032 re-

99 3053 194 3103 center
217 3067 304 3117 onap
331 3052 340 3119 11
369 3054 402 3103 10
425 2994 538 3127 arbores
561 3048 624 3121 incl.
648 3065 702 3128 eps
731 3048 734 3119 1
763 3047 793 3129 in
820 3047 935 3128 floribus
959 3065 1009 3102 om.
1031 3049 1114 3175 ΕΡ11

100 3126 131 3174 11
156 3120 298 3191 puriorem
323 3120 457 3192 8Ε1113
484 3118 636 3172 errbratam
660 3136 690 3170 m
709 3136 732 3186 p
756 3119 760 3188 1
785 3119 909 3172 infundis
932 3119 1089 3189 PLQVG

103 3192 206 3260 TFe'c,
226 3191 351 3246 effimdes
365 3193 396 3245 E
407 3193 416 3260 11
432 3195 465 3244 14
484 3206 575 3244 cessas
589 3191 619 3242 ic
632 3191 641 3258 11
657 3194 689 3242 15
707 3188 784 3258 prius
799 3207 836 3244 ac
851 3193 855 3260 1
870 3192 960 3244 morte
974 3191 1051 3258 quod
1068 3190 1112 3263 1111

101 3270 133 3316 17
152 3263 183 3317 in
200 3263 261 3333 piro
281 3262 386 3332 agresti
407 3262 440 3331 G,
464 3260 525 3330 piro
550 3259 654 3330 agresti
675 3260 791 3329 uelutp
810 3261 814 3332 1
839 3260 869 3314 in
886 3260 959 3314 melo
980 3262 1014 3331 G,
1034 3262 1109 3315 malo

100 3333 244 3405 E’a'ocps
273 3335 277 3404 1
304 3337 336 3388 ut
363 3351 413 3388 om.
440 3334 463 3403 Q
489 3334 498 3402 11
527 3338 559 3385 18
589 3330 730 3400 amigdalo
754 3332 776 3386 S
803 3334 808 3402 1
838 3331 969 3401 spinaea'
998 3334 1002 3402 1
1031 3335 1110 3386 fraxo

100 3405 318 3474 PLQVGSE,
343 3404 433 3459 fraxin
452 3404 502 3473 Fll
517 3409 549 3457 19
569 3403 685 3456 cidoneo
705 3402 766 3470 SF,
792 3403 910 3472 cydonio
933 3405 958 3457 T
978 3410 1004 3458 et
1021 3405 1081 3458 edd.
1104 3402 1108 3474 1

97 3474 189 3542 spisso
201 3494 236 3543 p,
262 3476 304 3530 rel
327 3477 392 3530 fisso
412 3476 509 3548 61124
531 3474 594 3545 pira
617 3474 659 3527 ita
678 3474 1023 3544 PLQVSTFEGtaa
1047 3474 1109 3545 pira

77 3544 281 3615 [rtaJJslsffi
303 3566 394 3618 usque
414 3547 483 3604 adt
