2378 3832
68 111 123 165 XII
468 114 674 168 PRAEFATIO

70 263 181 323 librum
222 264 381 323 metricum
420 265 590 324 Florentiae
625 284 725 325 mense
762 265 851 342 aprili
887 266 958 324 anni
993 269 1081 328 1875

67 352 191 414 contuli.

137 441 236 501 Codex
257 443 289 499 D
312 441 331 499 1.
356 461 379 501 6.
402 442 594 501 Florentinus
617 443 679 503 sive
701 443 922 502 Laurentianus
947 445 1001 521 53,
1028 449 1082 523 15,

70 532 258 608 chartaceuS,
294 549 387 588 manu
418 531 559 608 scriptus,
592 532 703 591 6666111
729 531 797 608 XV,
828 531 970 590 foliorum
1005 537 1080 611 179,

69 619 211 680 minimae
239 619 352 678 formae
380 618 537 698 oblongae,
570 621 715 680 continet:
748 620 763 677 I
790 621 902 680 Donati
928 621 1080 682 breviatio

70 707 178 770 Ovidii.
216 708 246 766 Π
264 707 416 784 Anonymi
433 709 515 768 vitae
534 707 634 768 Ovidii
657 710 852 785 aliorumque.
889 709 935 767 ΠΙ
953 709 1081 770 Asconii

68 797 276 858 adnotationes
304 797 342 854 ad
370 797 518 856 Ciceronis
546 798 695 858 orationes
722 798 875 874 quasdam.
924 799 968 856 IV
995 798 1080 859 Ano-

67 887 152 964 nymi
175 887 210 945 dc
234 886 427 946 deminutivis
449 886 619 946 nominibus
644 885 734 962 Opus
774 888 802 945 V
819 887 970 962 Anonymi
989 887 1080 947 Com-

68 975 234 1036 mentarius
257 975 289 1033 in
307 975 435 1053 Vergilii
456 975 634 1050 Priapeiam.
675 977 718 1034 VI
740 976 901 1034 Palladii
929 976 968 1034 de
998 981 1078 1037 arte

67 1064 258 1124 insitionis
271 1063 448 1142 Libellus,
466 1065 588 1139 praevio
603 1065 740 1142 Prologo,
759 1067 795 1123 ut
808 1064 839 1122 in
855 1064 961 1123 Codice
974 1065 1079 1123 XXIV

66 1153 147 1213 Plut.
170 1153 282 1212 XLVII
301 1145 362 1234 (0)
409 1151 467 1212 VII
489 1154 673 1212 Fenestellae
696 1154 732 1212 de
755 1154 867 1212 Romae
890 1153 1078 1232 Magistrati-

66 1243 123 1302 bus
145 1242 243 1302 Liber.
288 1242 364 1301 VIII
386 1241 456 1300 Alia
480 1240 580 1302 Ovidii
602 1243 667 1303 vita
689 1242 796 1302 incerti
819 1242 958 1301 auctoris
1004 1243 1078 1302 Pal-

65 1332 142 1391 ladii
163 1334 265 1391 autem
288 1331 364 1390 liber
385 1331 491 1407 incipit
515 1351 532 1389 a
555 1331 628 1390 folio
654 1335 715 1392 127
741 1334 771 1391 61
794 1332 911 1406 aliquot
933 1331 1006 1391 locis
1030 1350 1077 1391 66-

67 1420 194 1492 sundam
223 1439 346 1478 manum
377 1420 507 1496 praebet.
552 1421 632 1479 hunc
658 1420 828 1479 Florentiae
857 1439 955 1480 mense
984 1421 1078 1496 aprili

67 1509 139 1569 anni
165 1509 247 1567 1875
273 1509 396 1567 contuli.

135 1596 232 1656 Codex
251 1598 286 1654 H
301 1597 320 1654 i.
340 1617 363 1656 6.
382 1597 547 1655 Vaticanus
563 1599 657 1675 5245,
676 1599 858 1676 chartaceus
876 1616 968 1656 manu
982 1599 1076 1674 scrip-

65 1689 116 1746 tus
140 1686 251 1745 saeculi
273 1685 337 1763 XV,
366 1685 509 1744 foliorum
533 1688 608 1764 213,
636 1690 756 1762 praeter
779 1687 838 1746 6116
862 1688 1078 1763 conprehendit

67 1793 86 1833 a
103 1775 177 1835 folio
193 1777 233 1833 85
253 1792 348 1850 usque
368 1774 406 1832 ad
428 1774 536 1834 folium
556 1778 593 1834 91
620 1776 778 1852 Palladij
803 1775 936 1851 Rutilij
962 1775 1075 1834 Tauri

67 1862 256 1923 aemiliani
279 1863 321 1921 ad
343 1863 544 1922 Pastellum
567 1864 607 1924 dc
630 1864 809 1924 Insitione
832 1865 955 1943 librum,
983 1884 1076 1941 quem

65 1953 178 2012 Romae
201 1971 300 2011 mense
320 1951 409 2027 aprili
432 1953 503 2010 anni
527 1954 610 2012 1875
636 1954 758 2012 contuli.

132 2043 179 2100 Fx
200 2042 247 2100 his
270 2041 421 2101 codicibus
441 2040 466 2099 C
486 2060 555 2100 cum
574 2043 695 2120 vulgari
717 2042 853 2120 lectione,
876 2061 953 2118 quae
975 2060 1074 2119 usque

65 2133 104 2191 ad
128 2130 340 2190 Schneidcrum
362 2130 393 2188 in
417 2129 597 2190 editionibus
620 2131 744 2210 legitur,
767 2130 897 2206 exceptis
920 2133 1075 2191 nonnullis

64 2221 153 2280 rebus
171 2220 307 2297 parvulis
325 2220 414 2296 plane
433 2220 592 2279 consentit:
615 2220 718 2296 itaque
736 2222 809 2280 haec
828 2240 862 2279 cx
880 2220 933 2279 illo
951 2220 1074 2280 fluxisse

64 2309 192 2369 videtur.
238 2328 334 2385 neque
362 2308 493 2367 multum
520 2308 557 2367 ab
586 2329 619 2368 66
648 2309 738 2368 codex
760 2310 790 2367 B
818 2309 974 2384 discrepat.
1021 2310 1073 2368 sed

65 2397 180 2458 codices
203 2396 232 2454 A
256 2400 286 2456 et
308 2400 340 2456 D
363 2401 394 2457 et
416 2399 460 2475 H,
493 2397 546 2474 qui
575 2397 654 2457 inter
682 2417 713 2457 66
743 2398 937 2475 concordant,
968 2398 1072 2474 plures

65 2486 208 2546 lectiones
235 2484 358 2563 habent,
388 2505 464 2561 quae
487 2487 541 2545 hos
570 2487 606 2545 ab
635 2486 694 2546 alio
723 2507 817 2563 ecque
844 2486 964 2547 meliore
987 2486 1072 2546 fonte

65 2592 217 2635 emanasse
239 2593 331 2649 quam
353 2574 421 2634 illos
443 2575 588 2634 indicent:
612 2576 792 2652 aliquotiens
816 2595 885 2635 sane
909 2578 1072 2634 occurrunt

63 2664 96 2723 in
118 2663 218 2723 codice
241 2664 272 2721 D
294 2663 437 2723 lectiones
460 2663 497 2721 ab
518 2664 547 2722 A
571 2666 601 2723 et
623 2666 658 2722 H
678 2665 820 2742 diversae,
844 2683 920 2740 quae
944 2664 1072 2723 arbitra-

61 2753 125 2812 riae
148 2751 344 2812 correctiones
367 2752 513 2811 videntur.
560 2756 651 2829 atque
678 2755 773 2813 multo
801 2753 897 2831 magis
926 2772 1017 2828 quam
1039 2755 1071 2811 D

63 2843 177 2903 codices
193 2841 218 2900 C
235 2843 265 2900 61
283 2841 313 2898 Β
331 2841 387 2900 1611
405 2840 528 2900 libidine
546 2846 702 2919 corruptos
725 2860 787 2902 esse
805 2842 997 2917 perspicuum
1016 2845 1070 2901 est.

128 2932 236 3007 Itaque
267 2930 294 2988 ei
322 2930 449 3008 codices,
482 2929 535 3005 qui
562 2931 691 2990 Palladii
723 2932 758 2990 de
788 2931 928 2990 insitione
958 2930 1070 2989 librum

61 3021 223 3098 continent,
246 3019 278 3078 in
296 3019 355 3078 1116
373 3038 482 3097 genera
501 3019 660 3079 dividenda
682 3039 745 3080 6666
768 3020 917 3079 existimo:
942 3039 1071 3095 quorum

62 3110 211 3185 optimum
232 3127 327 3186 genus
350 3127 386 3167 ex
408 3107 558 3167 codicibus
577 3111 606 3166 A
630 3111 661 3168 et
682 3110 718 3167 H
737 3111 862 3186 constat,
885 3109 917 3166 in
940 3109 1070 3168 secundo

61 3198 92 3255 D
115 3198 317 3258 numerandus
340 3199 393 3276 cst,
417 3216 452 3256 ex
475 3197 641 3256 deterrimis
665 3201 735 3256 sunt
759 3197 784 3256 C
805 3201 835 3257 et
857 3198 896 3255 B.

127 3286 233 3362 Neque
249 3286 548 3362 praetermittendum
562 3290 607 3346 est
625 3287 758 3360 11116169
773 3286 894 3346 Gesncri
908 3286 1072 3345 editionem

57 3367 133 3434 ’6111
149 3377 233 3434 1774
249 3377 279 3434 61
293 3393 307 3434 6
322 3375 491 3434 Schneideri
504 3379 588 3436 1795
605 3375 773 3454 significari,
790 3376 862 3435 item
876 3376 975 3435 varias
990 3375 1070 3435 codi-

51 3482 122 3519 cum
138 3481 252 3521 manus
266 3464 408 3542 numeris,
434 3464 487 3542 qui
505 3465 616 3526 litteris
634 3465 779 3542 adscripti
794 3467 877 3542 sunt,
891 3467 928 3523 ut
946 3464 1070 3523 adsolet.
