2378 3832
473 185 591 241 AGRIC.
605 186 619 239 Ι
632 192 701 241 3-5
1072 191 1092 253 5

77 335 255 416 narrantur,
279 330 307 395 si
329 331 412 395 uitia
435 332 525 396 nulla
547 333 673 397 uesicae
697 337 781 397 sunt.
818 334 897 398 haec
921 338 1017 417 atque
1040 334 1092 398 his

76 419 206 485 similia
226 421 254 484 si
274 421 357 503 apud
376 421 498 485 incolas
518 443 576 504 pro
597 422 712 486 maiori
731 426 823 504 parte
845 427 992 487 constare
1006 424 1093 486 uide-

76 510 144 589 ι’ἱε,
167 531 227 574 nec
251 510 289 573 de
313 531 385 573 aere
410 509 532 593 aliquid
555 532 614 575 nec
638 511 676 574 de
699 510 844 575 fontibus
869 512 1049 596 suspiceris.

283 740 341 806 Du
368 738 619 817 ovlulrnru
643 741 898 808 TERRARVM.

47 893 63 932 5
153 866 192 931 In
224 866 320 930 terris
348 888 426 930 uero
456 866 638 950 quaerenda
664 865 860 952 fecunditas,
891 891 931 933 ne
960 868 1034 932 alba
1062 866 1145 932 etV
1172 877 1179 891 '

82 956 173 1020 nuda
195 956 240 1019 sit
262 955 367 1041 gleba,
389 978 429 1019 ne
453 976 560 1019 macer
584 955 698 1019 sabulo
723 956 791 1019 sine
815 956 1011 1020 admixtione
1030 960 1092 1021 ter-

82 1045 165 1126 reni,
187 1066 227 1108 ne
251 1047 339 1110 creta
362 1044 441 1128 sola,
463 1065 504 1108 ne
527 1044 666 1108 harenae
690 1045 898 1129 squallentes,
920 1067 960 1109 ne
983 1046 1092 1110 ieiuna

83 1134 210 1218 glarea,
237 1156 276 1197 ne
304 1133 413 1197 aurosi
441 1133 586 1216 pulueris
610 1134 758 1217 lapidosa
781 1132 914 1218 macies,
941 1157 982 1198 ne
1006 1135 1092 1198 salsa

82 1223 139 1286 uel
162 1244 281 1305 amara,
303 1244 343 1286 ne
366 1221 529 1306 uliginosa
551 1228 647 1306 terra,
670 1245 710 1287 ne
734 1221 822 1287 tofus
845 1223 1022 1286 harenosus
1044 1226 1092 1286 at-

35 1337 68 1376 ro
85 1333 150 1395 que
168 1312 303 1391 ieiunus,
325 1333 366 1375 ne
384 1312 481 1375 uallis
500 1310 597 1375 nimis
617 1333 718 1395 opaca
737 1315 770 1375 et
789 1311 900 1396 solida,
921 1312 977 1375 sed
996 1311 1092 1396 gleba

83 1400 192 1484 putris
221 1403 253 1464 et
279 1400 345 1464 fere
371 1400 466 1486 nigra
488 1402 521 1464 et
544 1401 583 1463 ad
607 1401 779 1484 tegendam
803 1421 837 1464 se
861 1401 1017 1485 graminis
1041 1400 1092 1463 sui

84 1492 174 1554 crate
203 1489 366 1554 sufficiens
395 1493 451 1553 aut
475 1489 569 1552 mixti
593 1490 725 1574 coloris,
752 1511 834 1574 quae
858 1489 919 1554 etsi
942 1511 1016 1552 rara
1039 1489 1093 1566 sit,

82 1581 196 1642 tamen
218 1576 347 1663 pinguis
372 1578 433 1642 soli
456 1578 662 1642 adiunctione
686 1579 875 1664 glutinetur.
916 1599 997 1661 quae
1021 1577 1137 1661 pro-2

83 1665 208 1748 tulerit,
225 1689 284 1731 nec
304 1666 418 1731 scabra
437 1667 504 1730 sint
522 1689 580 1731 nec
599 1667 758 1731 retorrida
777 1690 834 1732 neo
851 1667 919 1732 suci
934 1667 1092 1731 naturalis

38 1781 68 1821 1⁵
83 1754 226 1840 egentia.
271 1755 368 1839 ferat,
399 1755 484 1839 quod
512 1755 684 1820 frumentis
713 1757 826 1820 dandis
854 1756 935 1822 utile
964 1757 1093 1842 rignum

83 1845 140 1927 sit,
165 1844 304 1927 ebulum,
326 1843 468 1929 iuncum,
491 1844 659 1927 calamum,
682 1865 825 1929 gramen,
848 1846 1008 1910 trifolium
1027 1867 1093 1908 non

84 1955 242 2019 macrum,
261 1933 361 1996 rubor
380 1933 526 2018 pingues,
544 1955 648 2017 pruna
666 1933 839 1998 siluestria.
876 1936 965 1998 color
984 1940 1092 1998 tamen

83 2044 152 2087 non
176 2043 295 2107 magno
320 2044 415 2106 opere
439 2023 638 2104 quaerendus
658 2027 716 2107 ert,
740 2023 796 2087 sed
814 2023 975 2108 pinguedo
995 2026 1092 2105 atque

84 2111 229 2176 dulcedo.
257 2111 411 2196 pinguem
427 2113 473 2175 sio
488 2132 652 2196 agnosces.
678 2112 808 2196 glebam
823 2112 992 2194 paruulam
1007 2110 1092 2175 dulci
1116 2109 1136 2173 3

38 2222 171 2284 aoaqua
199 2221 395 2285 consperges
423 2203 456 2264 et
483 2200 627 2286 subiges:
661 2201 689 2264 si
717 2200 882 2285 glutinosa
910 2203 959 2263 est
982 2204 1015 2262 et
1038 2199 1091 2263 ad-

82 2290 210 2372 haeret,
239 2291 367 2354 constat
392 2288 442 2352 illi
465 2289 570 2352 inesse
592 2289 830 2373 pinguedinem.
876 2288 955 2351 item
979 2289 1092 2352 scrobe

83 2377 203 2444 effossa
231 2382 265 2442 et
292 2378 431 2461 repleta,
463 2377 490 2440 si
514 2377 716 2461 superauerit
744 2381 842 2460 terra,
874 2375 1005 2461 pinguis
1034 2380 1092 2461 est,

83 2468 115 2532 si
143 2467 294 2550 defuerit,
322 2465 428 2545 exiliS,
459 2466 487 2530 si
516 2466 704 2531 conuenerit
732 2469 883 2550 aequata,
913 2466 1091 2531 mediocris.

82 2556 220 2621 dulcedo
245 2560 353 2621 autem
377 2554 594 2640 cognoscitur,
617 2556 645 2620 si
668 2577 707 2619 ex
731 2577 769 2619 ea
791 2559 883 2639 parte
907 2554 987 2641 agri,
1010 2577 1091 2639 quae

157 2773 171 2818 1
191 2767 370 2820 uexenturc'u
386 2768 389 2835 Ι
407 2768 509 2835 et(pro
520 2768 614 2835 atque)
624 2767 676 2835 Fp
691 2767 695 2838 l
711 2765 755 2819 his
766 2764 1074 2832 omittuutVSTGEp

83 2844 100 2890 2
119 2837 226 2891 maiore
240 2837 309 2891 SlE
320 2841 329 2907 ll
344 2843 359 2890 5
374 2838 535 2904 quaerenda
549 2841 592 2891 cst
601 2839 631 2891 E
646 2841 649 2908 Ι
667 2841 716 2891 aut
729 2838 806 2890 nuda
816 2838 846 2889 E
858 2840 867 2907 ll
882 2843 897 2890 6
911 2833 1073 2889 terrenam

83 2914 100 2961 7
119 2925 155 2962 ne
175 2910 252 2962 creta
271 2908 331 2962 sola
349 2924 398 2962 cru.
414 2909 451 2976 E,
470 2924 522 2962 nec
541 2912 618 2962 creta
636 2909 696 2962 sola
713 2911 792 2962 babet
807 2908 853 2978 Fl
870 2924 921 2960 nec
940 2921 1024 2960 arene
1040 2906 1089 2977 El

82 2996 138 3034 neo
157 2979 253 3033 ieiuna
267 2981 318 3048 El
332 2983 348 3032 8
364 2982 412 3033 aut
426 2978 520 3033 aurosi
534 2981 570 3048 E,
585 2996 620 3033 ne
636 2979 745 3034 arenosi
761 2978 801 3033 6³
814 2995 899 3047 supra
915 2981 918 3047 l
937 2977 1011 3030 acies
1031 2993 1092 3029 cum

82 3069 185 3106 rasura
210 3051 257 3117 G1,
280 3050 384 3104 macies
409 3051 448 3105 6³
470 3068 556 3119 supro
578 3053 587 3120 ll
610 3057 625 3103 9
650 3054 745 3105 amant
764 3051 815 3117 Fl
838 3049 883 3102 uel
908 3048 976 3117 ulig.
1001 3048 1032 3113 T,
1056 3063 1091 3100 ne

83 3122 207 3192 ligniosa
226 3122 256 3175 F
276 3123 285 3190 ll
309 3128 342 3175 10
362 3121 492 3189 squalida
516 3125 581 3191 (pro
600 3122 699 3190 solida)
720 3122 760 3176 &³
777 3139 863 3189 supra
880 3122 883 3192 l
900 3136 929 3172 se
948 3124 1012 3189 (pro
1031 3118 1090 3186 scd)

84 3195 111 3249 G
134 3199 142 3262 ΙΙ
167 3201 200 3246 12
218 3192 338 3246 raritate
357 3197 420 3262 (pro
439 3195 525 3263 orate)
545 3194 575 3245 E
596 3196 604 3261 ll
626 3200 659 3246 14
677 3209 728 3247 neo
752 3200 814 3247 unte
837 3194 887 3245 ret.
908 3207 996 3259 orup
1021 3190 1024 3258 l
1049 3205 1091 3242 re-

82 3269 158 3321 torta
177 3267 210 3334 ll
226 3270 258 3317 15
278 3263 352 3318 ferat
370 3281 418 3318 oua
436 3282 469 3333 p,
494 3263 607 3333 egentia
625 3264 704 3318 ferat.
739 3263 818 3328 Quod
844 3265 922 3316 hrabct
940 3263 981 3331 ull
997 3267 1028 3314 16
1049 3262 1092 3313 est

84 3339 244 3406 GEiucpo
264 3338 273 3405 ll
298 3342 330 3389 17
350 3352 461 3403 nanque
479 3337 543 3405 (pro
561 3337 666 3404 tamen)
685 3354 703 3388 a
720 3338 729 3404 {l
749 3341 781 3387 18
800 3349 970 3403 magnopere
990 3332 1066 3386 GEc'

85 3415 117 3463 19
129 3425 217 3478 agnos
229 3407 273 3476 0¹,
288 3406 327 3461 cis
342 3409 421 3462 addit
434 3425 519 3475 supra
531 3406 573 3475 0²,
591 3405 718 3474 agnoscis
728 3406 912 3474 SGEiucps
927 3406 931 3474 l
947 3420 1074 3473 parump

85 3487 119 3534 20
143 3478 307 3549 conspargis
338 3479 370 3549 Q,
401 3477 561 3550 conspergis
590 3477 747 3550 scura,
774 3496 842 3534 cum
867 3475 983 3547 spargis
1008 3473 1116 3539 tous&
1156 3489 1159 3494 ’

78 3551 192 3616 subr'ges
213 3550 240 3612 V,
260 3550 370 3619 subigis
388 3555 470 3608 ceteri
