2378 3832
450 182 568 238 Asalo.
582 184 609 237 Π
624 188 710 236 7-10
1045 184 1089 248 55

65 330 181 414 plendi
214 329 301 394 fresa
331 330 566 413 propemodum
600 329 686 395 sicut
719 330 846 414 integra
880 331 1085 414 respondeat.

68 420 99 483 si
116 419 222 484 siccas
242 423 369 504 segetes
388 419 611 503 sarculaueris,
630 419 754 503 aliquid
768 423 883 484 contra
898 419 1084 505 rubiginem

67 508 278 592 praestitisti.
320 507 459 572 maxime
482 508 640 573 hordeum
664 510 786 574 siccum
811 511 959 573 sarietur.

83 720 147 786 DE
171 719 447 786 PASTINANDI
471 719 724 787 annfflssvs
748 722 805 787 ΕΤ
829 720 1072 788 SOROBIBVS

37 855 52 895 e
495 827 664 895 VITIVM.

140 952 311 1018 Pastinum
338 953 409 1016 fieri
437 975 522 1018 nunc
550 958 678 1038 tempus
707 958 770 1018 est:
799 955 885 1038 quod
913 955 952 1019 fit
979 955 1086 1019 tribus
1110 952 1141 1018 X

71 1042 263 1126 generibus,
295 1045 352 1106 aut
382 1045 469 1105 terra
497 1043 532 1106 in
558 1046 665 1108 totum
693 1043 783 1108 fossa
811 1047 868 1107 aut
896 1044 995 1108 sulcis
1028 1048 1086 1108 aut

71 1132 253 1196 scrobibus.
291 1134 379 1194 terra
401 1135 472 1195 tote
496 1131 592 1196 debet
612 1131 716 1209 effodi,
740 1132 796 1197 ubi
816 1153 893 1217 ager
911 1133 1086 1196 inmundus

72 1224 135 1302 est,
158 1223 195 1283 ut
219 1219 426 1284 siluestribus
450 1219 574 1285 truncis
596 1223 629 1284 et
647 1221 810 1286 radicibus
829 1219 924 1285 filicis
943 1221 996 1284 uel
1016 1221 1086 1285 her·

25 1335 57 1375 10
72 1309 191 1373 barum
209 1309 381 1374 noxicrum
400 1308 507 1392 spatia
524 1308 712 1373 liberentur.
742 1311 799 1374 ubi
819 1315 929 1374 autem
948 1309 1087 1374 mundae

73 1402 153 1462 sunt
184 1398 333 1481 noualeS,
365 1398 535 1463 scrobibus
567 1398 769 1482 pastinamus
799 1403 856 1463 aut
886 1397 997 1464 sulcis:
1032 1399 1088 1462 sed

73 1487 174 1551 sulcis
197 1487 314 1551 melius
333 1486 405 1568 erit,
430 1487 507 1571 quia
525 1508 672 1551 umorem
690 1488 781 1552 uelut
798 1487 834 1551 in
853 1492 960 1553 totum
980 1487 1088 1571 spatia

72 1577 241 1660 pastinata
268 1575 506 1640 transmittunt.
547 1576 630 1641 fiunt
657 1597 736 1662 ergo
761 1577 843 1642 sulci
866 1581 958 1641 tanta
983 1576 1089 1662 longi·
1111 1576 1131 1640 2

72 1665 196 1749 tudine,
216 1669 371 1749 quantam
390 1665 605 1730 destinaueris
622 1665 762 1750 tabulae,
781 1666 954 1731 latitudine
967 1667 1086 1750 pedum

30 1779 59 1818 15
73 1755 214 1818 duorum
243 1754 340 1819 semis
368 1754 421 1818 uel
449 1754 563 1832 trium,
590 1754 638 1819 its
665 1760 703 1818 ut
730 1755 833 1821 iuncti
857 1756 919 1820 duo
942 1755 1086 1820 fossores

73 1842 282 1928 designatum
300 1844 387 1907 linea
406 1843 547 1926 spatium
563 1844 749 1925 bidentibus
764 1849 1002 1928 persequantur
1016 1845 1089 1908 alti-

72 1932 186 1996 tudine
210 1931 310 1996 trium
331 1932 384 1996 uel
403 1933 541 1996 duorum
560 1931 659 1997 semis
678 1934 806 2016 pedum.
838 1932 962 1998 Deinde
982 1934 1010 1997 si
1029 1956 1088 2016 per

72 2019 223 2084 homines
252 2021 348 2085 uinea
376 2022 510 2086 colenda
539 2026 601 2105 est,
631 2026 759 2086 tantum
788 2022 878 2086 crudi
907 2023 969 2086 soli
992 2022 1088 2086 relin-

74 2109 216 2193 quimus,
238 2114 272 2174 et
297 2110 343 2175 sic
367 2110 450 2175 alter
474 2111 582 2175 sulcus
606 2110 802 2195 inprimitur.
842 2112 870 2174 si
893 2132 971 2174 uero
996 2131 1088 2173 aran·

31 2222 60 2262 so
74 2198 134 2261 dae
159 2202 235 2263 sunt
257 2198 381 2281 uineae,
405 2199 546 2284 quinque
570 2199 621 2263 uel
647 2221 702 2264 sex
723 2200 841 2284 pedum
867 2199 980 2283 spatis,
1005 2221 1087 2282 quae

72 2308 140 2351 non
169 2294 245 2353 sunt
273 2287 438 2372 fodienda,
470 2289 689 2372 relinquemus
717 2290 753 2351 in
783 2287 897 2352 medio.
943 2287 1030 2371 quod
1058 2288 1131 2352 sie

74 2377 207 2440 scrobes
239 2377 311 2441 fieri
337 2378 478 2462 placeat,
510 2377 666 2441 faciemus
695 2377 799 2440 tribus
828 2377 964 2460 pedibus
993 2378 1087 2461 altas,

74 2465 202 2530 duobus
230 2466 329 2530 semis
362 2466 461 2547 latas,
494 2466 600 2529 tribus
632 2466 756 2551 longas.
805 2466 872 2530 siue
905 2465 1087 2531 fossoribus

74 2553 226 2618 colantur
248 2555 359 2619 uineta
383 2577 440 2619 seu
462 2555 583 2634 bubus,
612 2555 724 2619 eadem
748 2555 868 2639 spatia,
896 2578 978 2640 quae
1001 2556 1088 2620 inter

31 2665 59 2706 25
74 2643 183 2707 sulcos
212 2647 289 2708 sunt
316 2644 417 2725 dicta,
451 2666 625 2708 seruemus.
671 2644 759 2708 ultra
786 2649 854 2708 tres
883 2666 961 2709 uero
988 2646 1086 2730 pedes

149 2787 162 2834 1
183 2781 256 2836 sicut
273 2799 325 2838 om.
337 2801 359 2852 p
386 2786 395 2853 11
422 2789 438 2836 2
459 2782 567 2851 aliquid
590 2786 619 2836 et
642 2785 739 2836 contra
758 2783 918 2852 Profa,
943 2782 1053 2850 aliquid
1071 2799 1087 2836 e

74 2854 174 2906 contra
193 2854 248 2909 SE
263 2857 267 2923 1
283 2853 441 2924 robiginem
459 2855 538 2922 11113
557 2853 687 2922 praestiti
703 2854 729 2908 G
745 2855 749 2924 1
765 2853 886 2907 maxime
905 2853 929 2906 si
948 2873 966 2907 a
980 2857 1019 2924 114
1037 2870 1087 2923 pa-

73 2923 215 2978 stinandis
239 2926 295 2980 SE
322 2927 326 2997 1
356 2924 466 2995 generis
491 2927 518 2979 P
547 2927 556 2994 11
589 2930 603 2977 7
632 2941 683 2995 per
704 2927 796 2978 totum
819 2924 845 2976 V
871 2927 875 2993 1
906 2924 1007 2979 effossa
1031 2925 1062 2978 E
1078 2924 1088 2997 11

75 3000 109 3049 10
128 2997 299 3068 mundaEss
315 3004 345 3051 11
367 3000 417 3051 aut
431 2996 515 3050 sulcis
530 3014 579 3051 om.
596 2996 638 3066 Vl
656 2996 705 3048 sed
719 2994 768 3063 V',
784 2996 911 3066 autV¹ss
927 3002 959 3048 12
975 2994 1066 3063 quiE
1081 2995 1085 3068 1

73 3066 147 3120 uelit
165 3068 199 3137 P,
219 3068 265 3122 uel
283 3071 316 3122 ut
335 3070 366 3137 V,
385 3085 435 3123 om.
451 3085 510 3138 acy
530 3069 533 3137 1
554 3066 585 3120 in
602 3070 664 3121 tota
683 3085 741 3136 acp
763 3069 772 3135 11
797 3073 829 3119 14
849 3070 956 3135 quanta
977 3066 1003 3120 G
1019 3068 1022 3135 1
1040 3066 1087 3120 de·

74 3137 227 3193 stinauerit
244 3141 279 3209 L,
299 3139 455 3194 decreueris
474 3140 504 3193 E
516 3142 525 3209 11
546 3145 579 3192 15
600 3138 686 3191 duum
706 3139 732 3192 G
748 3141 751 3208 1
769 3140 797 3190 et
816 3137 898 3190 semis
920 3138 1014 3206 Grac,
1035 3139 1086 3208 [et]

75 3209 158 3263 semis
178 3228 214 3281 cp
227 3213 236 3280 11
261 3217 293 3263 16
312 3211 475 3265 ludentibus
496 3211 544 3279 Gn
566 3216 598 3262 17
618 3211 646 3263 et
666 3209 748 3263 semis
766 3209 831 3275 ias,
852 3209 903 3331 pet]
924 3208 1006 3261 semis
1025 3227 1061 3279 cp
1081 3209 1085 3280 1

76 3283 104 3333 et
123 3280 147 3333 si
166 3281 205 3348 L,
232 3281 255 3334 si
273 3282 416 3353 ligonibus
434 3301 448 3336 e
470 3285 479 3353 11
503 3288 536 3334 18
561 3280 719 3349 colligenda
740 3281 770 3334 E
794 3281 797 3349 1
822 3296 851 3332 re
864 3281 1012 3347 inquamus
1032 3281 1062 3333 E
1078 3279 1088 3353 11

75 3357 109 3404 20
130 3356 180 3406 aut
198 3355 228 3407 Ε
249 3356 258 3422 11
281 3360 314 3406 21
334 3353 364 3406 in
383 3353 475 3407 medio
494 3352 682 3419 relinquemus
701 3352 825 3421 Eacps,
850 3350 867 3404 i.
892 3370 927 3405 m.
952 3350 1086 3420 relinqui-

75 3425 175 3491 musi,
194 3424 212 3477 i.
232 3443 268 3478 m.
287 3423 516 3494 relinquenturp
536 3427 545 3495 11
564 3429 597 3475 22
616 3422 735 3492 pedibus
755 3440 805 3477 orn.
821 3423 850 3475 Ε
863 3426 919 3492 1123
940 3440 958 3476 a
974 3422 1089 3476 fossuri-

75 3493 128 3546 bus
148 3495 203 3561 Vl)
223 3502 257 3547 24
277 3496 387 3549 uinetas
405 3497 454 3568 Ll
475 3497 566 3553 bobus
587 3496 632 3552 Ei
654 3497 668 3569 11
688 3501 724 3552 ‘lb
744 3512 862 3552 seruare
882 3495 1024 3549 debuemus
1039 3494 1120 3551 Eu,

63 3566 212 3614 seruentur
221 3567 270 3634 pl
287 3566 367 3620 Vltra
389 3584 458 3625 uero
478 3573 539 3628 tres
559 3591 579 3629 a
