2378 3832
461 175 665 231 PRAEFATIO
1018 179 1074 235 VII

56 327 337 408 perantiquum,
360 329 397 386 ut
414 330 461 387 cst
478 327 510 386 in
528 328 581 388 illo
601 329 740 407 catalogo
758 330 967 408 Lugdunensi,
984 350 1074 406 quem

58 436 154 495 snpra
176 417 224 476 bis
248 417 485 494 commemoravi,
509 417 594 494 sequi
616 417 749 477 videtur:
780 419 831 478 sed
854 419 927 495 quid
948 439 980 478 re
1002 438 1076 478 vcra

55 508 173 584 valeat,
205 505 298 583 paulo
329 506 409 565 infra
437 509 600 581 quaeretur
631 526 725 583 aeque
754 526 788 566 ac
817 507 852 567 de
875 507 1020 568 Politiani
1042 510 1075 568 et

57 596 171 659 codicis
193 594 379 654 Erinrtensis
401 595 588 654 lectionibus.

127 683 246 744 Acoedo
274 683 312 742 ad
341 702 391 744 eos
424 683 551 762 codices,
589 703 664 760 quos
700 684 763 760 ipse
795 685 909 761 primus
942 685 1075 746 excussi:

56 775 171 834 horum
193 771 315 850 quidem
338 774 484 849 quattuor
506 790 616 851 genera
638 773 726 832 facile
750 773 907 833 discernas,

128 862 232 937 Atque
254 862 387 938 primum
404 881 499 938 genus
522 861 657 921 efficiunt
675 865 735 921 tras
758 862 828 921 libri
850 863 1076 941 manuscripti,

60 951 116 1028 qui
145 970 181 1010 ex
208 950 311 1010 eodem
336 950 436 1010 codice
459 950 556 1011 verbis
584 951 806 1011 continentibus
834 953 953 1011 exarato
976 954 1075 1010 trans-

61 1038 169 1116 scripti
187 1042 259 1098 sunt
276 1041 307 1099 et
324 1041 477 1100 vetustate
497 1042 588 1116 atque
607 1039 782 1119 integritate
798 1041 929 1117 quadam
947 1041 1076 1117 scriptu·
1150 1120 1152 1125 Ι

59 1147 112 1188 rae
137 1127 294 1188 excellunt.

128 1217 176 1275 Ex
203 1216 245 1276 eis
273 1219 318 1276 sst
344 1217 567 1277 vetustissimus
597 1217 688 1277 codex
713 1218 742 1276 L
766 1218 784 1276 i.
809 1237 833 1277 e.
857 1216 1077 1295 Laudunensis,

61 1306 116 1382 qui
139 1305 280 1365 Lauduni
303 1306 335 1364 in
356 1307 473 1365 urbana
494 1305 677 1365 bibliotheca.
700 1306 756 1364 sub
784 1325 907 1365 numero
931 1308 994 1366 428
1018 1304 1075 1364 bis

60 1395 246 1455 adservatur.
292 1394 340 1455 hic
359 1394 450 1456 codex
473 1397 519 1454 est
540 1395 796 1472 membranaceus,
820 1413 912 1453 manu
936 1393 1075 1472 scriptae,

61 1484 177 1544 saeculi
195 1483 247 1560 IX,
269 1483 412 1544 foliorum
432 1487 504 1561 120,
528 1502 605 1559 quae
628 1484 708 1544 notis
731 1503 923 1544 numerorum
946 1503 1006 1544 non
1029 1481 1075 1541 in·

61 1575 179 1633 structa
198 1574 276 1651 sunt,
298 1592 441 1632 versuum
456 1575 506 1651 25,
529 1572 643 1632 formae
662 1592 756 1649 paene
776 1574 949 1649 quadratae.
977 1572 1075 1649 primo

62 1661 261 1739 quaternione
284 1660 438 1721 deficiente
460 1661 571 1738 reliqui
593 1661 742 1738 incipiunt
764 1662 811 1722 his
833 1661 943 1722 verbis:
968 1661 1077 1722 obru-

61 1753 185 1829 antur,
208 1750 317 1810 donec
340 1751 469 1810 munda
490 1754 518 1828 1,
538 1753 566 1828 8,
587 1753 615 1809 2.
651 1751 788 1810 Palladio
811 1750 896 1812 finito
919 1751 952 1809 in
974 1752 1075 1827 poste-

61 1840 142 1900 riore
165 1839 277 1917 pagina
300 1838 367 1899 folii
392 1842 453 1901 115
482 1839 589 1915 incipit
611 1839 790 1917 Anonymi
818 1842 1002 1900 tractatus
1034 1839 1078 1897 de

65 1928 323 1989 architectura.
369 1928 449 1988 hunc
471 1928 581 1987 librum
605 1949 640 1988 ex
663 1948 697 1989 eo
717 1929 824 2008 codice,
848 1929 901 2005 qui
923 1928 1076 1990 continen-

65 2018 112 2078 tia
134 2017 226 2078 verba
248 2017 395 2096 habuerit,
420 2017 600 2094 exscriptum
623 2019 806 2083 essemulta
828 2018 943 2078 docent.
989 2036 1076 2094 prae·

65 2109 151 2166 terea
177 2106 241 2182 ipse
268 2106 360 2165 habet
382 2125 402 2166 o
430 2108 460 2165 et
489 2109 627 2182 apertum
656 2109 687 2166 et
716 2108 864 2185 clausum,
893 2126 915 2165 a
936 2107 968 2164 in
990 2106 1079 2164 textu

66 2195 240 2272 saepissime
263 2195 367 2273 forma,
392 2214 469 2271 quas
493 2195 617 2273 dicitur,
641 2196 777 2272 capitali,
801 2201 812 2253 t
833 2215 893 2255 non
915 2214 983 2253 raro
1007 2192 1077 2252 sub·

64 2303 196 2346 versum.
242 2284 281 2342 ad
307 2302 455 2343 summam
482 2284 636 2361 librariuS,
665 2284 718 2359 qui
744 2285 824 2342 huno
851 2283 982 2342 codicem
1008 2302 1078 2342 con·

68 2373 197 2451 scripsit,
221 2373 294 2433 satis
317 2373 477 2451 indiligens
501 2375 592 2448 atquc
614 2372 753 2432 indoctus
775 2371 868 2430 fuisse
890 2372 1022 2448 videtur,
1045 2371 1078 2430 id

67 2461 150 2540 quod
173 2481 209 2522 ex
226 2461 331 2521 multis
352 2462 467 2521 mendis
490 2462 592 2539 eisque
615 2461 725 2536 ineptis
748 2461 844 2521 conici
865 2461 943 2521 licet.
980 2462 1078 2520 multo

66 2551 234 2627 posteriore
249 2553 350 2610 autem
368 2570 460 2610 manu
479 2550 610 2628 quadam
628 2549 746 2626 aliquot
764 2550 985 2610 emendationes
998 2550 1079 2609 inter

66 2640 164 2700 lineas
187 2639 355 2716 adscriptae
383 2642 454 2700 sunt
480 2640 611 2716 itemque
640 2640 672 2698 in
698 2642 784 2699 textu
806 2638 943 2699 nonnihil
966 2655 1078 2698 correc-

64 2731 141 2787 tunn
188 2748 243 2806 ego
266 2728 346 2788 hunc
369 2728 500 2789 codicem
523 2728 638 2788 contuli
659 2729 801 2788 Lauduni
827 2747 927 2788 mense
951 2729 1078 2803 septem·

64 2816 114 2876 bri
136 2817 209 2877 anni
233 2819 327 2877 1874.

136 2904 278 2966 Omnium
302 2909 404 2965 autem
426 2906 620 2985 gravissimus
648 2909 693 2965 est
716 2907 807 2966 codex
829 2906 856 2964 P
876 2905 895 2964 i.
919 2924 943 2964 e.
966 2902 1079 2962 Parisi-

67 3013 126 3054 nus
152 2995 274 3056 6842ss
298 2996 553 3073 membranaceuS,
581 2995 839 3072 manuscriptus,
863 2993 936 3054 olim
960 2991 1079 3052 Oolber-

67 3084 161 3162 tinus,
185 3084 298 3144 saeculi
320 3085 356 3162 X,
379 3085 521 3144 foliorum
540 3087 591 3162 89,
614 3102 755 3143 versuum
775 3085 825 3161 26,
848 3084 960 3142 formae
983 3100 1079 3157 paene

68 3173 245 3250 quadratae,
270 3193 358 3250 quem
381 3174 505 3232 Parisiis
527 3191 627 3231 mense
651 3175 780 3250 augusto
805 3172 875 3230 anni
901 3173 985 3230 1814
1010 3189 1079 3230 con·

68 3262 137 3320 tuli.
183 3262 296 3338 priores
324 3263 383 3321 duo
408 3261 617 3338 quaterniones
645 3260 799 3338 deficiunt,
828 3259 1007 3336 posteriores
1034 3259 1079 3317 in-

51 3338 200 3426 'cipiuntz
224 3353 422 3410 testaceam
445 3350 714 3410 subterinducis
736 3355 763 3427 1,
789 3353 827 3409 39
850 3340 930 3429 (40),
955 3352 984 3408 5.
1019 3348 1079 3405 huc

70 3440 195 3517 accedit,
219 3441 300 3516 quod
316 3441 537 3519 quinquaginta
552 3458 602 3498 sex
615 3439 690 3499 folia
702 3440 748 3499 ita
761 3440 835 3498 sunt
844 3457 955 3497 umore
963 3437 1098 3507 uitiata,

70 3531 107 3586 nt
127 3547 229 3587 eorum
252 3530 349 3588 altera
370 3550 442 3606 pars
465 3530 604 3614 minime,
629 3533 733 3596 altera
755 3529 895 3610 carptim
907 3527 983 3604 leq}
1001 3518 1122 3596 usui&-
