2378 3832
96 175 159 240 156
514 175 684 229 PALLADE

96 321 313 405 exploremus,
346 325 403 384 aut
434 321 590 406 proxime.
634 320 796 386 rubricam
826 318 990 404 liquidam
1017 320 1104 384 breui

95 410 227 475 uasculo
256 410 397 474 infusam
426 431 576 495 geramus
605 414 638 473 et
668 409 879 474 obseruemua
913 407 1025 473 fontes
1053 413 1104 473 aut

95 520 196 582 aquas
219 498 353 564 uicinas.
390 503 469 564 tunc
492 500 589 564 dorsa
612 519 710 583 apum
728 496 916 563 bibentium
933 500 1102 584 tangamus

95 586 152 651 illo
185 587 310 671 liquore
338 587 442 652 tincta
469 586 630 652 festucula
656 592 751 672 atque
780 585 903 651 ibidem
932 607 1100 651 moremur.

96 677 123 740 ni
144 676 209 741 cito
228 697 377 742 reuersae
396 676 524 760 fuerint,
546 698 626 759 quas
644 675 811 759 tinximus,
828 673 979 759 hospitia
997 697 1100 740 eamn
1119 702 1127 742 r

94 765 243 848 proxima
262 787 332 830 esse
353 787 532 848 noscemus,
556 765 584 829 si
603 764 704 848 tarde,
727 762 834 847 spatio
852 763 1006 850 longiore
1025 786 1100 828 sum·

95 857 193 938 mota,
208 855 294 938 quod
308 876 368 938 pro
384 876 476 918 mora
490 854 646 938 temporis
661 852 880 918 aestimamus.
905 853 946 918 ad
959 852 1099 937 proxima

52 944 71 1008 3
95 942 190 1007 facile
209 945 329 1027 uenies,
348 943 388 1008 ad
406 942 585 1028 longinqua
603 943 666 1007 hoc
681 963 799 1027 genere
812 940 1013 1025 perduceris.
1035 963 1098 1007 can·

96 1053 156 1095 nae
184 1053 285 1096 unum
312 1031 530 1096 internodium
558 1053 632 1096 cum
660 1031 727 1095 suia
755 1030 877 1095 recides
902 1030 1050 1096 orbiculis
1070 1034 1098 1094 et

97 1119 131 1183 in
150 1119 250 1184 latere
269 1121 402 1204 aperies.
434 1118 481 1185 ibi
500 1121 565 1184 mel
582 1119 734 1205 exiguum
748 1120 801 1184 uel
816 1118 983 1183 defrutum
998 1121 1097 1185 mittes
1108 1145 1125 1185 ιο

97 1212 130 1272 et
153 1209 244 1273 iuxta
268 1208 390 1274 fontem
409 1229 519 1293 pones.
556 1231 629 1273 cum
648 1209 688 1272 ad
707 1231 780 1273 eum
799 1208 1014 1273 conuenerint
1032 1221 1097 1292 opes

98 1302 196 1381 atque
220 1298 387 1383 ingressae
410 1297 532 1363 fuerint
554 1302 631 1382 post
655 1298 795 1379 odorem,
817 1293 968 1361 foramen
990 1296 1098 1381 pollice

98 1386 227 1451 claudes
252 1387 400 1469 adposito
424 1391 457 1451 et
476 1409 574 1450 unam
592 1390 721 1451 tantum
740 1385 877 1470 patieris
896 1386 995 1471 exire,
1018 1385 1098 1451 ouius

97 1474 210 1560 fugam
229 1497 430 1559 persequere.
460 1497 498 1539 ea
516 1475 579 1540 tibi
597 1479 724 1558 partem
744 1476 948 1539 demonstrat
962 1472 1098 1559 hospitii.

99 1585 172 1628 eum
196 1563 301 1646 ipsam
325 1564 469 1649 coeperis
492 1584 558 1628 non
582 1564 700 1648 uidere,
725 1564 861 1628 alteram
882 1562 1040 1628 continuo
1057 1562 1125 1628 ‹li-s

6 1728 8 1730 v
97 1651 209 1716 mittes
237 1656 270 1715 et
298 1653 451 1737 aequeris.
496 1653 543 1717 ita
566 1652 713 1736 singulae
737 1651 872 1717 subinde
896 1652 1098 1718 dimissae-te

52 1739 221 1807 4faoiunt
252 1762 353 1824 usque
388 1741 428 1805 ad
459 1741 567 1806 locum
595 1741 751 1806 examinis
779 1740 959 1825 peruenire.
1007 1739 1099 1826 aliqui

97 1827 203 1892 mellis
227 1829 456 1895 breuissimum
481 1831 566 1895 circa
590 1852 689 1915 aquas
712 1830 881 1895 uaseulum
904 1833 1044 1914 ponunt,
1065 1829 1098 1893 de

98 1939 161 2000 quo
187 1939 260 1982 cum
284 1919 354 2002 apis
375 1918 523 2003 equando
544 1919 735 2005 gustauerit‚
759 1920 797 1983 ad
817 1941 990 1984 commune
1007 1920 1099 2003 pabu-

96 2007 165 2070 lum
183 2029 322 2093 pergens
342 2008 422 2072 alias
442 2006 621 2079 exhibebit:
641 2029 776 2092 quarum
790 2007 1011 2091 frequentiam
1031 2007 1129 2072 sub-n

19 2118 22 2123 ’
97 2096 170 2160 inde
200 2100 396 2162 crescentem
424 2100 539 2160 notata
566 2097 784 2161 reuolantium
812 2100 906 2181 parte
935 2119 1037 2181 usque
1065 2095 1099 2161 ad

53 2189 74 2252 5
98 2186 246 2250 examina
269 2185 481 2270 persequeris.
519 2183 655 2269 quodsi
678 2189 729 2249 est
747 2206 881 2250 examen
899 2184 934 2248 in
953 2185 1101 2269 spelunca

97 2275 309 2356 reconditum,
327 2274 417 2338 fumo
437 2273 571 2338 eicietur
590 2278 632 2358 et,
656 2296 730 2338 cum
749 2273 978 2358 exierit,.aeria
998 2274 1101 2340 sonitu

97 2363 249 2427 territum
301 2364 337 2427 in
368 2362 484 2427 frutice
516 2363 568 2426 uel
600 2362 635 2426 in
668 2363 777 2447 aliqua
810 2363 912 2428 siluae
945 2384 980 2427 se
1015 2365 1101 2447 parte

168 2612 181 2659 1
208 2609 258 2660 aut
274 2608 398 2677 proxime
417 2625 466 2662 om.
483 2626 522 2676 pa
544 2610 553 2677 ll
576 2614 591 2660 3
616 2606 711 2677 apium
730 2608 761 2661 E
779 2609 783 2676 Ι
806 2609 908 2677 tangat
925 2624 1018 2664 omnes
1035 2609 1102 2664 codi-

97 2692 150 2744 ceS,
169 2679 324 2746 tangantur
338 2697 360 2748 p
373 2682 382 2749 ΙΙ
400 2685 417 2731 4
436 2678 566 2732 fistuoula
585 2678 727 2748 LQVSi,
746 2677 868 2732 fisticula
884 2678 918 2746 P,
937 2679 1033 2733 fistula
1051 2679 1080 2733 Ε

96 2751 240 2802 morentur
260 2750 291 2803 F
310 2753 318 2819 ΙΙ
342 2756 357 2804 5
377 2749 471 2803 officia
488 2752 518 2804 E
539 2753 548 2820 11
571 2757 587 2804 6
606 2767 752 2804 noscamus
771 2750 801 2802 E
817 2751 826 2819 ll
850 2749 1080 2804 lextimamusi

98 2824 113 2872 8
132 2819 202 2874 fatie
221 2821 269 2890 El
285 2838 387 2890 genere
405 2839 454 2876 om.
470 2822 518 2892 El
538 2820 699 2890 produceris
718 2822 749 2875 Ε
768 2822 778 2891 ll
801 2826 817 2874 9
835 2819 1037 2876 intermodium
1055 2822 1080 2877 G

97 2890 198 2944 recidis
222 2892 419 2962 PLQVGS²
441 2894 483 2962 (in
501 2895 633 2962 mareiae)
655 2894 738 2961 Tne,
766 2890 861 2946 recisis
885 2891 970 2958 8¹13,
999 2893 1104 2948 recidas

97 2980 156 3032 aeq
173 2966 182 3033 11
206 2969 239 3016 10
258 2963 308 3016 ubi
326 2964 399 3034 SEl
421 2962 554 3017 defritum
572 2963 766 3033 PLQVGR
785 2963 821 3016 de
839 2962 932 3017 fructu
952 2964 1001 3033 ΕΙ
1017 2962 1105 3018 mittis

97 3035 173 3088 codd.
192 3040 218 3088 et
235 3035 269 3103 ill
284 3040 315 3088 11
336 3034 411 3087 iusta
425 3034 462 3088 S¹
478 3035 482 3105 Ι
498 3033 691 3088 cumuenerint
711 3035 741 3104 Q,
761 3035 797 3088 ad
815 3033 846 3087 id
863 3034 1081 3105 peruenerintp
1096 3033 1105 3105 ll

100 3109 133 3157 13
153 3103 261 3158 claudis
280 3106 355 3160 codd.
376 3113 400 3159 et
417 3105 471 3175 lul
498 3104 626 3174 adposito
645 3122 694 3159 om.
710 3106 741 3158 Ε
759 3107 763 3175 l
788 3123 874 3159 unum
893 3106 923 3158 Ε
944 3107 954 3175 ΙΙ
978 3111 1013 3160 14
1031 3122 1105 3161 mon·

100 3175 203 3229 strabit
221 3177 257 3243 Ε,
277 3175 480 3230 demonstrabit
497 3193 510 3229 a
528 3177 537 3244 ΙΙ
559 3183 591 3229 15
611 3175 730 3229 dimittis
749 3177 824 3230 codd.
844 3183 869 3231 et
886 3178 920 3245 ll
936 3183 968 3230 16
989 3177 1105 3232 subinde

100 3245 227 3315 singulae
245 3248 295 3371 Gi
308 3246 445 3301 demissae
460 3247 490 3300 Ε
501 3249 511 3316 ΙΙ
527 3252 558 3298 17
578 3246 684 3300 facient
702 3250 847 3318 (11911118
868 3263 971 3316 aquam
989 3249 1081 3320 lueys
1097 3247 1106 3319 ll

100 3322 132 3368 19
153 3334 218 3386 apes
238 3320 265 3371 P
305 3319 452 3372 VGSET
474 3320 477 3388 l
503 3318 634 3385 aquanda
653 3318 710 3371 PL
720 3318 874 3386 VTGFp,
897 3334 1001 3387 aquam
1020 3320 1106 3391 degu-

100 3387 218 3441 stauerit
234 3389 305 3458 QSe}
325 3406 428 3458 aquarn
446 3389 660 3459 degustauerint
672 3389 702 3442 Ε
714 3390 723 3457 ΙΙ
737 3394 772 3442 20
791 3389 916 3443 exibebit
931 3391 956 3444 G
970 3393 980 3460 ΙΙ
994 3397 1029 3444 22
1048 3407 1106 3461 spa-

95 3457 179 3511 lonca
195 3460 245 3513 Ε1
263 3463 276 3528 ll
299 3460 529 3516 uerecundiam
549 3461 576 3514 Ε
600 3463 607 3530 l
628 3460 695 3513 fumo
714 3460 739 3514 G
759 3459 886 3528 lenietur
906 3462 941 3529 L„
960 3461 1061 3516 eicitur
1078 3462 1107 3517 Ε

81 3533 112 3599 (a
129 3533 232 3603 supra)
246 3532 257 3606 l
271 3534 364 3591 exerit
384 3537 417 3609 P,
439 3534 544 3593 eicitur
566 3533 593 3589 F
606 3535 621 3604 ll
632 3538 669 3587 ‘m
685 3529 810 3584 fructiee
827 3529 855 3581 E
865 3530 923 3597 baa
939 3532 1031 3581 1119
