2378 3832
424 187 540 243 AGRIG.
554 189 581 244 V
596 194 664 242 1-2
986 188 1048 253 151

65 337 95 416 ,²¹
117 332 229 398 oliuato
258 334 359 399 insito
388 337 421 398 et
448 356 525 399 casu
548 334 679 400 incenso
703 335 883 399 renascitur
907 335 1048 399 oleaster

64 412 166 504 utelix,
199 423 246 487 sic
277 423 512 508 prouidendum
540 426 599 487 est.
644 422 761 506 positis
792 423 882 507 prius
913 423 1048 488 oleastri

65 495 202 576 bracchiis
225 511 258 576 in
282 512 406 594 scrobe,
428 512 462 576 in
482 534 546 595 qua
564 512 770 596 disponemus
790 512 939 591 inserere,
963 534 1049 578 scro-

63 585 106 660 bes
124 598 169 664 ita
191 600 397 684 replebimus,
419 606 458 665 ut
480 601 604 665 mediae
629 622 747 665 uacuae
767 601 841 666 sint.
879 624 952 667 cum
971 623 1048 667 con·
1071 602 1092 665 2

42 685 247 763 lprehendarit
270 689 418 773 oleaster,
441 690 620 753 inseremus
644 690 679 753 in
701 689 812 753 infimo
836 691 889 755 uel
912 691 1048 756 insitum

57 790 210 854 ponemus:
243 782 276 842 et
308 778 496 844 insitionem
528 799 629 862 prope
661 778 747 842 infra
779 783 900 843 terram
927 780 1049 844 nutrie-

55 882 122 931 mus.
167 865 281 932 deinde
309 867 394 932 sicut
422 866 590 947 adolescit,
618 871 739 931 terram
763 869 898 932 subinde
921 868 1048 954 colligi·

51 972 120 1020 nus.
166 955 214 1019 ita
242 956 443 1021 conmissnra
474 956 509 1019 in
541 955 701 1038 profundo
733 956 869 1041 latente,
901 957 1047 1040 quisquis

50 1049 112 1108 uret
134 1049 192 1109 aut
216 1045 335 1128 caedet,
359 1044 464 1109 oliuae
488 1044 597 1109 locum
619 1065 686 1108 non
709 1044 833 1109 auferet
853 1044 1047 1128 pullulandi:

28 1153 121 1216 oquae
150 1136 184 1198 et
212 1137 358 1218 apertam
386 1133 539 1198 redeundi
566 1133 756 1198 felicitatem
784 1133 822 1197 de
846 1133 917 1197 olea
940 1138 973 1197 et
997 1155 1048 1198 oc·

43 1223 162 1286 cultam
183 1222 313 1287 ualendi
335 1222 540 1287 feracitatem
563 1222 601 1286 de
626 1221 758 1286 oleastri
782 1222 978 1287 counexione
997 1244 1047 1286 re-

40 1310 166 1375 tinebit.
216 1311 317 1395 aliqui
349 1311 437 1375 oleas
469 1312 504 1375 in
536 1309 698 1375 radicibus
730 1311 877 1375 inserunt
909 1315 955 1394 et,
987 1311 1089 1375 ubi3

39 1399 337 1483 conprehenderint,
361 1422 435 1464 cum
458 1399 568 1482 aliqua
590 1403 683 1482 parte
707 1400 824 1464 radicis
848 1400 994 1464 auellunt
1013 1405 1046 1465 et

36 1489 240 1552 transferunt
262 1509 351 1552 more
374 1488 568 1573 plantarum.
613 1486 729 1553 Graeci
753 1488 840 1553 oleas
864 1489 904 1553 ab
930 1493 1045 1554 octauo

37 1577 245 1641 calendarum
271 1577 422 1661 aprilium
446 1577 497 1641 die
520 1599 621 1660 usque
645 1577 679 1640 in
701 1577 800 1641 tertio
823 1599 926 1642 nonas
950 1578 1046 1643 iulias

35 1666 138 1730 inseri
161 1666 277 1730 debere
300 1664 515 1750 praecipiunt,
543 1666 591 1730 ita
616 1669 654 1730 ut
677 1665 757 1730 locis
780 1665 908 1752 frigidis
933 1667 1045 1750 serius,

36 1754 153 1820 calidis
180 1755 340 1819 maturius
366 1755 560 1819 inserantur.
605 1754 686 1820 locis
714 1754 937 1840 frigidissimis
960 1777 1045 1820 nunc

35 1844 207 1908 uinearum
233 1843 335 1908 fossio
365 1848 439 1908 ante
470 1843 543 1908 idus
575 1845 759 1929 peragenda
787 1849 837 1908 est
864 1849 897 1909 et
926 1844 953 1908 si
983 1866 1046 1928 qua

36 1933 75 1997 de
109 1933 227 1997 martio
259 1955 369 1998 mense
401 1937 534 1998 restant.
584 1933 669 1997 uites
703 1933 830 2015 quoq'ue
863 1932 1045 1997 inserimus.

37 2021 225 2104 seminaria,
249 2043 331 2105 quae
355 2026 431 2087 sunt
455 2025 529 2086 ante
553 2021 654 2104 facta,
677 2020 787 2084 herbis
810 2020 987 2085 liberentur
1011 2026 1044 2086 et
1067 2024 1089 2084 4

36 2111 155 2174 leuiter
178 2110 472 2183 circumfodiantur.
509 2132 601 2174 nunc·
616 2109 696 2174 locis
721 2109 926 2172 mediocriter
950 2109 1043 2173 siccis

37 2198 166 2263 milium
185 2201 322 2264 serimus
340 2202 374 2263 et
392 2200 549 2282 panicum.
584 2198 645 2262 hoc
661 2219 769 2261 mense
784 2197 921 2282 pingues
937 2198 1044 2280 campi

36 2292 70 2352 et
99 2288 183 2372 agri,
221 2289 276 2372 qui
304 2286 359 2352 diu
387 2309 504 2371 aquam
532 2291 656 2368 tenent,
689 2285 939 2368 proscinduntur
968 2291 1045 2369 post

36 2378 126 2458 idus,
163 2398 236 2441 cum
270 2379 303 2440 et
335 2398 447 2441 omnes
478 2375 595 2440 herbas
628 2375 835 2459 protulerunt
868 2378 902 2438 et
933 2397 1046 2440 earum

36 2466 161 2529 semina
184 2465 328 2529 nondum
350 2465 539 2529 maturitate
563 2465 693 2528 firmata
717 2467 801 2527 sunt.

111 2644 125 2691 1
145 2638 267 2693 oleastro
287 2640 314 2692 V
332 2642 342 2709 ΙΙ
365 2645 381 2692 6
399 2638 531 2693 insitione
551 2639 581 2692 E
609 2641 612 2708 Ι
637 2637 712 2692 infra
728 2654 815 2708 prope
834 2639 861 2692 V
884 2641 893 2709 ΙΙ
921 2645 936 2693 8
956 2639 1045 2694 laten·

36 2713 96 2764 tem
110 2708 135 2763 V
148 2711 157 2779 ΙΙ
172 2715 188 2763 9
207 2710 265 2764 urit
283 2712 333 2764 aut
351 2709 446 2764 caedit
463 2709 559 2780 (cedit)
574 2727 663 2765 omnes
679 2711 683 2781 l
700 2709 809 2764 adferet
826 2710 858 2778 V,
878 2710 996 2764 aufferat
1008 2712 1045 2780 E,

38 2781 132 2834 aufert
156 2781 280 2853 Glucpu
310 2783 314 2851 Ι
342 2781 549 2852 pillulandique
568 2782 595 2835 V
618 2785 627 2851 ΙΙ
656 2787 689 2835 10
708 2781 743 2834 de
761 2780 1045 2835 olea—feracitatem

36 2852 368 2922 oraGloccultaLEll
384 2857 415 2905 11
432 2851 621 2922 oleastrisEll
636 2859 670 2907 14
685 2851 872 2922 FPHKVEl
889 2853 1047 2923 anonopll

37 2929 71 2976 15
81 2922 224 2977 Kalendas
235 2923 337 2993 apriles
347 2925 365 2990 i,
376 2922 514 2977 calendas
524 2922 634 3005 Apriles
644 2941 657 2978 a
673 2927 676 2994 Ι
693 2923 723 2978 in
732 2922 848 2978 tertium
859 2923 1002 2993 GFacpa
1016 2921 1047 2975 in

35 2994 82 3047 III.
97 2994 129 3048 E
136 2996 173 3066 Τ)
185 2993 248 3047 iulii
261 2996 323 3049 ET
346 2993 491 3048 Nonarum
504 2993 570 3048 Iuni
580 2995 657 3068 acpll
677 3002 709 3049 16
723 2994 754 3048 in
766 2994 836 3049 locis
851 2996 863 3048 a‘
871 2994 881 3067 ll
894 3001 926 3048 17
941 2994 1045 3046 insera-

35 3069 83 3119 tur
102 3065 316 3136 PLQSFGE
337 3069 393 3135 118
415 3081 488 3134 quae
508 3066 556 3135 011
576 3071 608 3120 19
631 3067 780 3120 restabunt
798 3067 876 3133 SEa,
900 3065 1047 3118 restabant

35 3138 117 3191 ceteri
130 3144 240 3205 praeter
258 3138 305 3206 Vp
327 3139 331 3209 l
356 3137 513 3205 restabunt,
530 3137 603 3190 uites
626 3155 639 3192 s
665 3140 674 3207 ΙΙ
702 3144 736 3191 20
760 3135 909 3190 seminaria
932 3153 981 3190 om.
997 3152 1020 3204 p
1037 3136 1046 3207 ll

36 3214 69 3261 21
98 3207 201 3261 leniter
222 3225 257 3279 ps
284 3211 293 3278 ll
320 3215 353 3263 22
382 3208 503 3262 multum
529 3207 637 3261 milium
661 3210 673 3261 i
701 3210 705 3279 Ι
735 3224 856 3261 seremus
876 3208 906 3260 E
934 3209 937 3277 l
967 3205 1047 3275 pani-

35 3278 124 3419 31:an
130 3297 159 3404 ᾖ,
187 3279 330 3349 panicium
357 3281 387 3334 E
408 3283 417 3349 ll
440 3286 473 3333 23
501 3277 718 3349 proscinduntur
744 3281 756 3331 l
782 3281 791 3347 ΙΙ
819 3284 852 3331 24
878 3277 1048 3347 protulerint

158 3368 216 3421 acy
