2378 3832
405 191 705 263 ‚remorre-rc
1035 192 1076 256 19

63 358 178 401 uerem
210 336 350 401 mixtum
383 359 456 401 cum
489 338 574 402 calce
607 338 760 402 ducemus
789 341 821 402 et
847 337 1007 422 poliemus
1038 339 1077 402 ad

64 447 233 490 summum
251 426 400 490 nitorem.

343 654 404 720 ou
428 654 573 721 eruum
596 631 802 722 messio.
881 679 884 685 ·

138 779 228 865 Opus
244 802 372 864 quoque
382 781 542 844 albariam
557 802 652 865 saepe
667 780 813 864 delectat,
828 781 880 862 cui
893 781 1014 846 calcem
1031 781 1130 846 XIIII

33 869 259 937 edebebimus
287 869 454 955 adhibere,
482 891 555 934 cum
582 871 685 935 multo
714 874 860 953 tempore
888 869 986 934 fuerit
1012 893 1077 936 ma·

66 963 187 1024 cerata.
232 979 310 1044 ergo
342 962 381 1022 ut
411 959 527 1022 utilem
557 959 688 1042 probes,
720 959 807 1023 ascia
835 959 954 1023 calcem
983 960 1076 1044 quasi

65 1048 196 1134 lignum
223 1047 358 1122 dolabis.
400 1046 428 1111 si
455 1069 617 1131 nusquam
641 1049 725 1113 acies
750 1047 818 1112 eius
843 1047 1011 1112 offenderit
1034 1055 1075 1132 et,

66 1138 157 1222 quod
185 1136 290 1202 asciae
318 1136 485 1220 adhaeret,
516 1136 616 1201 fuerit
647 1137 745 1201 molle
778 1140 874 1220 atque
902 1136 1075 1219 uiscosum,

66 1230 199 1291 constat
223 1225 355 1290 albariis
379 1222 530 1309 operibus
555 1225 735 1290 conuenire.

16 1485 48 1524 ιο
409 1454 470 1520 DE
493 1453 734 1522 TEOTORIIS.

133 1578 301 1644 Parietum
323 1601 400 1644 uero
428 1584 555 1645 tectura
582 1580 629 1644 sic
656 1580 713 1644 fiet
739 1579 834 1646 fortis
864 1585 897 1646 et
923 1581 1036 1646 nitida.
1064 1579 1126 1645 XV

64 1669 174 1754 prima
196 1668 304 1734 trullis
327 1667 552 1752 frequentetur
574 1669 729 1734 inductio.
773 1686 849 1735 cum
869 1670 983 1736 siccari
1006 1693 1074 1736 coe-

63 1758 162 1843 perit,
184 1758 303 1822 iterum
321 1757 493 1823 inducatur
512 1780 549 1823 ae
567 1758 675 1822 tertio.
711 1759 884 1842 posthaec
902 1760 967 1823 tria
987 1761 1074 1825 coria

64 1869 105 1913 ex
134 1868 295 1912 marmore
319 1867 421 1932 grano
445 1846 650 1930 cooperiatur
673 1847 713 1910 ad
737 1847 878 1913 trullam.
921 1869 1002 1932 quae
1024 1847 1074 1912 in-

14 1964 45 2004 15
61 1935 174 2002 ductio
202 1940 276 2000 unte
303 1939 373 2000 tam
401 1936 455 2001 diu
484 1936 665 2022 subigenda
688 1941 751 2021 est,
778 1940 816 2001 ut
839 1941 981 2021 rutrum,
1010 1959 1073 2021 quo

61 2025 137 2091 calx
160 2024 336 2110 subigitur,
360 2024 516 2088 mundum
539 2026 692 2090 leuemus.
734 2025 813 2090 haec
837 2047 965 2109 quoque
988 2048 1073 2090 mar-

62 2112 166 2178 moris
185 2113 279 2200 grani
297 2113 442 2179 inductio
463 2135 536 2179 cum
557 2114 671 2179 siccari
685 2113 827 2197 incipiet,
847 2115 933 2178 aliud
948 2115 1073 2178 corium

61 2203 219 2268 subtilius
245 2207 375 2286 oportet
398 2203 521 2286 inponi.
562 2203 608 2268 sic
632 2207 665 2267 et
689 2203 889 2267 soliditatem
913 2202 1073 2267 custodiet

60 2296 97 2357 et
118 2291 268 2357 nitorem.

17 2533 47 2572 20
63 2500 123 2568 DE
148 2501 350 2568 VITANDA
373 2501 531 2586 VALLE,
556 2500 676 2580 QVAE
701 2501 906 2568 PROPTER
925 2502 1070 2580 AQVAS

415 2607 557 2674 DILIGI
581 2607 726 2676 SOLET.

130 2734 309 2801 Vitandum
341 2739 392 2800 est
423 2739 544 2817 autem,
578 2736 663 2819 quod
695 2734 841 2820 plerique
873 2735 1020 2800 fecerunt
1043 2734 1123 2800 XVI

61 2847 165 2908 aquae
193 2847 302 2909 causa,
329 2824 425 2889 uillas
453 2824 574 2887 infimis
602 2824 744 2889 uallibus
768 2845 914 2909 mergere
938 2827 971 2888 et
994 2845 1070 2906 pau·

62 2935 174 2978 corum
186 2912 310 2978 dierum
323 2913 529 2996 uoluptatem
542 2912 706 2995 praeferre
720 2912 944 2977 habitatorum
959 2912 1069 2976 saluti:

27 3028 50 3068 25
65 3002 150 3088 quod
176 3004 280 3087 magis
308 3005 503 3082 metuemus,
538 3003 566 3066 si
597 3002 767 3086 prouincia
795 3025 893 3086 quam
924 3000 1070 3082 colimus,

134 3200 148 3247 1
169 3193 293 3248 dicemus
304 3195 335 3248 F
345 3196 354 3263 ll
369 3194 528 3248 odebemus
539 3194 623 3248 VSE
638 3197 644 3275 l
657 3196 830 3247 maceratum
839 3191 1070 3264 LQVSTFEII

63 3268 129 3320 tut
148 3282 235 3334 ceap
260 3267 264 3337 Ι
290 3265 396 3319 calcem
418 3266 541 3335 probans
565 3282 684 3334 quaslp
706 3267 715 3334 ll
740 3270 754 3316 'l
775 3267 803 3318 et
822 3264 845 3318 si
864 3262 940 3332 quod
959 3265 1022 3331 ios,
1042 3266 1071 3317 et

87 3336 109 3420 i]
133 3337 208 3405 quod
231 3354 266 3407 cp
292 3340 301 3406 ll
330 3342 363 3389 12
381 3337 475 3390 Primo
494 3338 523 3390 is
551 3339 560 3406 l)
588 3342 620 3389 13
641 3339 669 3391 et
687 3335 801 3390 tertice'
826 3339 836 3406 ΙΙ
865 3341 898 3388 14
916 3351 1070 3389 marmoreo

63 3338 187 3479 tieacys
203 3413 207 3477 Ι
224 3407 418 3478 cooperiantur
437 3408 463 3460 L
478 3413 487 3477 ΙΙ
503 3414 535 3488 1θὸ
555 3407 751 3488 subiungenda
770 3408 806 3475 F,
826 3406 996 3488 ambigenda
1015 3407 1045 3486 Ε
1064 3407 1073 3476 l

63 3483 156 3561 utrum
174 3480 263 3562 LQT
275 3484 284 3560 Α,
297 3479 371 3560 quod
389 3480 417 3532 L
430 3482 440 3550 l)
456 3485 490 3534 17
508 3481 647 3552 mcepent
669 3480 714 3551 ts,
737 3482 866 3552 coeperit
882 3481 1028 3557 utimum
1040 3493 1105 3558 xm-N

57 3552 129 3601 amis
144 3551 242 3616 ΠΜ,
257 3551 316 3622 [m]
328 3551 377 3606 ruf.
395 3570 452 3625 cys
464 3555 475 3626 ll
491 3560 525 3610 25
544 3555 638 3613 etiam
651 3554 750 3629 mugis
764 3555 865 3628 tceps
875 3553 1067 3626 immisimus
1078 3541 1112 3589 u,

918 3639 958 3696 (ῐῖ
