2378 3832
106 159 171 224 134
523 159 692 213 PALLADH

104 305 330 387 infundantur,
357 309 395 369 ut
418 309 565 370 enatent·
604 310 775 370 seruantur
802 310 835 370 et
863 306 973 391 melle,
1001 309 1057 372 sed
1083 309 1112 372 si

103 396 202 458 nimis
226 398 355 458 matura
378 394 556 478 collegeris.

51 483 94 548 23
171 482 230 547 DE
254 482 366 548 FIOV.
409 481 530 548 Calidis
557 482 638 547 locis
665 483 719 547 fici
745 483 859 566 planta
884 485 1033 549 radicata
1057 508 1116 550 no-

104 572 231 637 uembri
258 594 382 656 mense,
413 571 603 654 temperatis
630 571 806 656 februario,
838 572 966 656 frigidis
995 573 1114 641 melius

104 661 223 726 martio
246 661 299 725 uel
323 659 418 745 aprili
441 660 589 744 ponenda
612 664 675 724 est:
699 660 727 724 si
745 661 865 728 taleam
884 662 937 726 uel
956 684 1115 729 cacumen

103 771 215 833 ponas,
234 750 283 813 ult
284 749 349 813 imo
369 748 474 832 aprili,
493 770 566 813 cum
586 749 615 812 ei
634 770 667 813 se
683 749 820 813 uiridior
834 771 930 814 sucus
943 750 1114 818 infuderit

104 838 267 922 plantae
257 860 292 902 111
315 839 428 903 scrobe
452 838 616 921 depositae
640 835 763 922 lapides
786 839 1007 904 substituendi
1026 846 1116 926 sunt,

105 929 144 992 ad
172 928 312 992 radicem
339 927 416 990 fimo
440 930 529 990 terra
551 927 715 991 miscenda
739 931 797 992 est.
843 927 872 991 si
894 927 967 992 loca
990 928 1116 1015 frigida

105 1020 193 1099 sunt,
220 1017 406 1100 plantarum
434 1013 599 1082 cacumina
626 1014 740 1079 diuisis
769 1038 888 1080 cannae
917 1017 1110 1083 internodiis

51 1103 276 1170 24defendant
262 1109 316 1168 tur
343 1103 515 1188 afrigore
563 1104 590 1168 si
614 1126 765 1169 cacumen
788 1105 871 1169 uelis
893 1126 1029 1189 ponere,
1057 1109 1110 1172 tri·
1122 1131 1142 1169 a

104 1195 229 1259 sulcum
255 1215 381 1258 ramum
410 1194 533 1258 bimum
560 1193 611 1257 uel
635 1193 769 1257 trimum
792 1193 833 1257 ab
857 1194 995 1258 australi
1017 1202 1107 1279 parte

104 1283 229 1348 decides
253 1286 286 1347 et
310 1281 355 1347 sic
379 1283 505 1365 obruas,
528 1286 566 1345 ut
589 1281 693 1346 diuisa
716 1282 882 1346 cacumina
905 1286 995 1347 terra
1013 1285 1108 1349 inter-

103 1373 227 1437 iacente
250 1371 341 1436 uelut
363 1375 429 1436 tres
453 1371 599 1435 surculos
622 1370 765 1434 reddant.
803 1371 921 1436 taleam
945 1372 1000 1437 sic¹
1014 1394 1107 1456 pone·

104 1484 190 1544 mus,
217 1465 255 1524 ut
283 1463 402 1543 cetera,
434 1461 486 1524 cui
513 1459 630 1524 leuiter
657 1461 698 1523 ab
726 1459 838 1523 infima
865 1463 956 1544 parte
986 1462 1106 1526 diuisae

103 1549 245 1633 lapidem
276 1569 459 1633 mergamus
495 1549 530 1612 in
561 1548 647 1612 fisso.
698 1568 759 1632 ego
796 1570 905 1612 mense
942 1548 1105 1615 februario
1117 1571 1135 1612 a

104 1638 220 1702 ultimo
241 1636 301 1700 uel
329 1636 446 1700 martio
474 1636 508 1700 in
531 1635 629 1701 ltalia
655 1637 784 1720 plantas
811 1638 948 1722 grandes
973 1639 1106 1704 ficorum

103 1748 161 1809 per
183 1725 384 1809 pastinatum
408 1726 513 1789 solum
536 1726 681 1809 disposui
710 1729 743 1789 et
764 1747 802 1790 eo
826 1747 909 1790 anno
933 1749 1033 1809 poma
1055 1751 1105 1812 pe·

104 1817 259 1899 pererunt
272 1835 371 1897 supra
385 1814 662 1898 conprehendendi
674 1813 865 1878 felicitatem
879 1813 970 1879 uelut
984 1816 1107 1880 tributa

51 1903 94 1968 25
104 1904 280 1968 reddentes.
316 1902 473 1988 legendae
497 1907 573 1966 sunt
595 1903 735 1986 plantae,
758 1903 793 1966 in
816 1903 932 1986 quibus
955 1903 1106 1989 frequens

102 1992 206 2057 nodus
226 1992 403 2056 extuberat.
441 1992 567 2056 steriles
587 1990 769 2074 creduntur,
788 2013 870 2075 quae
888 1992 1013 2056 nitidae
1033 1998 1138 2057 sunta

104 2087 136 2146 et
165 2082 275 2147 oculos
303 2103 379 2145 suos
407 2102 465 2164 per
492 2081 590 2164 longa
616 2079 800 2144 internodia
827 2080 1035 2146 distulerunt.
1081 2084 1107 2146 si

103 2170 249 2253 plantam
277 2169 329 2235 lici
357 2170 447 2254 prius
474 2171 600 2233 nutrias
628 2168 663 2231 in
693 2169 865 2234 seminario
889 2173 922 2233 et
945 2175 1107 2235 maturam

102 2259 279 2324 transferas
311 2260 344 2323 in
377 2259 539 2338 scrobem,
571 2278 669 2340 poma
701 2257 909 2341 generosiora
940 2259 1106 2342 producet.

103 2347 204 2430 aliqui
236 2348 374 2411 multum
404 2348 556 2430 prodesse
585 2345 778 2410 confirmant
784 2397 792 2428 ,
825 2347 852 2410 si
879 2346 1027 2431 plantam
1056 2348 1107 2412 fici

103 2436 207 2499 diuiso
236 2436 371 2519 squillae
399 2436 498 2501 bulbo
523 2434 708 2498 intersitam
732 2435 943 2519 strictamque
966 2437 1106 2501 uinculis
1118 2457 1139 2498 a

103 2523 315 2588 conlocemus.
361 2525 491 2589 scrobes
524 2527 613 2587 amat
640 2524 737 2607 altas,
768 2524 942 2588 interualla
974 2524 1107 2608 maiora,

103 2616 207 2676 terrae
241 2633 341 2697 genus
374 2613 489 2677 durum
522 2616 554 2675 et
584 2612 704 2696 gracile
732 2616 765 2675 et
793 2613 915 2677 siccum
942 2634 1004 2696 pro
1036 2613 1106 2678 utili

50 2702 217 2785 resapere
240 2721 419 2787 pomorum.
458 2703 610 2784 prouenit
634 2704 666 2765 et
689 2701 830 2784 petrosis
854 2707 951 2785 atque
971 2704 1109 2787 asperis:

103 2797 212 2856 tamen
234 2793 343 2875 potest
366 2789 445 2854 locis
467 2811 567 2873 prope
587 2789 736 2855 omnibus
756 2789 828 2854 seri.
866 2812 947 2875 quae
966 2789 1001 2855 in
1020 2814 1108 2857 mon-

174 3024 187 3070 1
207 3017 337 3072 innatant
355 3020 394 3087 811
413 3023 429 3071 2
448 3016 540 3070 minus
555 3034 633 3097 cocy
650 3019 659 3086 11
678 3022 694 3069 3
713 3017 781 3070 ficus
800 3017 830 3069 Ε
841 3019 881 3086 114
899 3016 1034 3071 februarii
1054 3019 1085 3071 Ε
1103 3018 1106 3087 1

102 3086 205 3157 frigido
218 3088 311 3143 medio
325 3089 430 3144 marcio
445 3089 481 3155 F
495 3087 595 3141 melius
609 3105 660 3142 om
670 3090 744 3156 11116
763 3087 839 3141 talea
853 3088 884 3141 E
896 3092 904 3156 11
919 3093 934 3141 6
952 3088 1004 3142 ult
983 3088 1045 3142 timi
1060 3091 1087 3143 L
1100 3094 1109 3158 11

104 3161 263 3214 lscrobem
280 3161 306 3215 G
320 3162 328 3230 11
346 3167 377 3214 10
395 3132 542 3214 trifudcum
555 3177 569 3213 a
581 3162 590 3229 11
605 3165 636 3212 11
652 3159 750 3212 binum
763 3157 810 3212 uel
823 3159 928 3212 trinum
942 3160 973 3212 E
985 3162 994 3228 11
1010 3167 1042 3212 12
1062 3160 1108 3213 de·

103 3229 211 3283 cidas'
200 3249 274 3301 cocy
287 3234 296 3301 11
312 3238 343 3285 13
363 3231 455 3285 sulcos
469 3232 500 3284 Ε
511 3232 520 3300 11
536 3237 568 3284 14
587 3233 619 3284 ut
637 3233 666 3284 et
684 3233 796 3284 caetera
814 3230 857 3300 Vl
873 3230 938 3283 lima
950 3248 971 3299 p
984 3233 993 3300 11
1009 3236 1108 3300 ssepe·

103 3317 199 3369 perere
215 3302 338 3373 Gfacye
351 3306 360 3372 11
375 3309 408 3356 18
428 3301 625 3372 comprehendi
639 3302 669 3354 Ε
684 3301 687 3373 1
703 3299 842 3354 tributum
856 3301 886 3354 Ε
897 3303 906 3369 11
921 3306 954 3354 20
974 3301 1109 3355 exuberat

103 3371 205 3441 neap
220 3379 251 3425 21
272 3373 377 3444 longua
396 3374 493 3442 Ε1122
512 3372 593 3441 plant
595 3376 671 3426 atam
690 3373 716 3426 L
732 3375 736 3442 1
752 3372 820 3425 ficus
839 3373 886 3442 ΕΙ
902 3371 979 3441 prius
998 3389 1048 3426 om.

101 3448 137 3494 23
152 3459 291 3511 generosa
308 3445 408 3516 Ε1124
428 3443 720 3526 aliqui-procedit<
707 3445 776 3513 <.scct
792 3445 901 3510 301.οω
916 3460 935 3510 p
972 3389 1085 3497 ficus}

84 3517 125 3563 26
136 3511 224 3566 bolho
240 3514 270 3584 V,
288 3516 349 3571 bull
325 3516 411 3573 lloE
420 3520 432 3590 11
448 3524 481 3575 28
495 3515 650 3592 proueniat
661 3516 689 3572 Ε
699 3518 714 3587 1
723 3520 759 3570 ‘lt
770 3513 846 3568 locis
852 3515 1010 3580 potest
994 3513 1116 3580 querab
