2378 3832
112 193 158 258 98
535 191 706 248 PALLADII

115 341 211 425 plura
238 339 362 405 semina
387 339 423 404 in
449 362 551 404 unum
577 340 681 425 ligata
709 339 738 405 si
761 339 966 426 deposueris,
994 341 1132 426 grandis

115 451 231 515 porrus
250 433 402 494 nascetur
420 451 460 494 ex
479 429 638 494 omnibus.
674 429 755 493 item
774 429 802 494 si
821 428 921 514 capiti
939 429 1009 495 eius
1027 450 1131 514 rapae

115 541 225 584 semen
253 518 403 583 inmittas
432 518 502 583 sine
525 518 612 583 ferro
636 521 669 584 et
690 539 830 604 pangas,
856 519 997 584 multum
1020 518 1131 584 fertur

64 610 105 674 13
115 608 307 672 increscere:
325 607 452 693 melius,
470 608 499 672 si
517 607 706 691 frequenter
718 608 781 672 hoc
794 607 903 672 facias
936 608 999 672 hoc
1014 626 1130 674 mense

114 696 204 760 inula
236 696 368 780 seritur,
398 719 464 781 quo
492 699 630 761 canneta
657 700 829 780 ponuntur.
875 695 995 761 seritur
1022 698 1129 763 oculis
1160 725 1175 766 s

114 785 200 850 sicut
224 785 349 869 calami,
371 808 453 870 quos
477 784 642 850 abscidere
666 789 699 849 et
722 789 810 850 terra
831 784 950 850 leuiter
970 786 1130 851 debemus

115 875 250 939 obruere
281 879 371 939 terre
401 873 490 939 fossa
522 878 555 938 et
584 874 723 938 ‘subacta
752 872 905 938 excitatis
935 874 976 938 ad
999 875 1131 940 lineam

113 962 271 1048 puluinis,
299 963 416 1047 quibus
443 964 511 1028 eius
537 962 648 1028 oculos
672 967 801 1047 oportet
822 961 975 1028 infodere.
1021 965 1131 1029 tria-m

62 1056 104 1118 14
112 1054 232 1137 pedum
259 1053 345 1116 inter
372 1074 407 1117 se
433 1052 541 1136 spatio
570 1055 770 1135 separantur.
814 1052 877 1117 hoc
903 1073 1014 1118 mense
1036 1054 1132 1119 ‘colo-

113 1142 198 1206 casei
212 1142 330 1206 bulbos
344 1160 511 1226 ponemus.
537 1145 649 1205 amant
662 1141 808 1205 umidum
822 1141 939 1226 locum,
957 1141 1131 1228 pinguem,
1146 1173 1175 1212 1o

112 1232 252 1295 maxime
274 1231 449 1316 inriguam.
487 1231 572 1295 circa
591 1229 700 1294 fontes
719 1230 884 1294 laetantur
902 1234 936 1295 et
953 1229 1047 1297 riuos
1066 1253 1131 1298 nee

112 1320 151 1384 de
175 1319 237 1384 soli
260 1319 418 1403 qualitate
438 1324 562 1402 curant,
585 1319 614 1383 si
630 1323 789 1404 perpetuo
807 1319 981 1384 faueantur
998 1340 1128 1386 umore.

110 1408 261 1473 frondere
288 1429 389 1492 prope
418 1430 546 1492 semper
572 1412 724 1493 possunt,
752 1408 782 1472 si
808 1412 976 1492 tamquam
1004 1407 1131 1476 citreta

111 1496 311 1582 tegumentis
339 1496 553 1561 defendantur
579 1519 600 1561 a
626 1496 757 1582 frigore.
802 1496 866 1562 hoc
887 1516 998 1562 mense
1022 1499 1130 1582 cymi-

110 1608 189 1649 num
213 1589 246 1650 et
269 1607 402 1650 anesum
426 1585 545 1650 seritur
568 1585 640 1650 loco
663 1586 746 1650 bene
768 1588 907 1651 subacto
931 1590 965 1650 et
985 1586 1039 1651 cui
1058 1585 1173 1658 lae-15

111 1678 220 1828 pplmgn
248 1674 435 1740 admisceas.
481 1675 568 1759 quod
596 1679 703 1740 satum
731 1679 795 1760 est,
821 1673 931 1739 herbis
960 1681 1129 1760 purgetur

154 1785 181 1827 s1
205 1785 254 1827 ue.

501 1904 561 1970 Du
585 1900 731 1971 POMIs

55 2029 150 2096 XXV
218 2027 357 2096 PIRVS.
395 2029 531 2095 Plantas
553 2030 701 2114 pirorum
722 2051 832 2095 mense
850 2030 1016 2096 februario
1037 2033 1127 2099 loeis

109 2120 237 2206 frigidis
265 2140 435 2204 ponemus,
463 2119 576 2184 calidis
604 2141 683 2184 uero
710 2119 894 2184 nouembri:
922 2121 978 2184 sed
1006 2140 1125 2190 mense
1142 2153 1171 2193 so

108 2209 279 2274 nouembri
305 2209 378 2292 pira
400 2209 481 2274 locis
505 2207 625 2293 tepidis
649 2208 844 2273 conserenda
867 2212 956 2294 sunt,
984 2213 1022 2273 ut
1049 2213 1125 2278 solo

109 2296 262 2363 iuuentur
289 2298 428 2383 inriguo.
473 2297 522 2362 ita
550 2302 583 2362 et
610 2297 724 2362 florem
749 2297 928 2382 plurimum
948 2297 1126 2381 proferent

109 2389 142 2450 et
155 2386 413 2471 magnitudinem
426 2387 517 2471 pomi
530 2386 693 2471 turgentis
704 2385 882 2470 adquirant.
905 2387 995 2451 nasci
1005 2392 1125 2455 tamen

108 2474 168 2539 tali
193 2474 263 2539 solo
287 2474 426 2540 maxime
451 2475 605 2560 diligunt,
633 2475 721 2559 quali
744 2474 856 2540 uineas
880 2474 1020 2540 diximus
1046 2499 1125 2544 con-

107 2562 231 2627 uenire:
260 2563 316 2627 sed
342 2564 430 2629 laeto
458 2564 527 2628 solo
556 2567 590 2628 et
616 2563 740 2628 ualidas
768 2564 901 2629 arbores
929 2568 962 2628 et
987 2564 1121 2633 fructus
1137 2595 1166 2638 as

75 2652 266 2736 2plurim0s
295 2674 536 2736 consequemur.
581 2652 721 2736 lapidosi
748 2652 876 2737 generis
902 2653 975 2737 pira
997 2655 1123 2722 uitium

107 2745 233 2806 mutare
257 2741 440 2824 creduntur⁷
463 2741 491 2805 si
509 2741 607 2805 terris
626 2741 780 2806 mollibus
800 2746 1022 2809 conserantur.
1063 2747 1122 2812 sed

177 2921 193 2968 3
211 2914 314 2968 fertum
331 2917 359 2969 L
371 2917 412 2984 114
430 2914 745 2985 melius-separantm
763 2933 813 2970 ora.
825 2932 847 2984 p
860 2918 899 2986 1Ιὸ
920 2919 1046 2971 cannata
1065 2920 1094 2973 P
1109 2920 1122 2993 fl

106 2992 122 3041 6
141 2985 306 3040 abscindere
324 2987 450 3057 Eiccps
472 2989 481 3056 ss
505 2993 520 3041 7
541 2986 736 3041 adlineaneam
756 2988 802 3057 Qll
820 2991 835 3040 8
853 2986 979 3056 publinis
1001 2989 1032 3058 Q,
1053 2989 1120 3044 bul·

104 3057 180 3112 binis
199 3058 284 3125 Vei,
302 3057 428 3126 pulbinis
447 3057 499 3130 1¹1
525 3058 622 3112 oculus
640 3059 667 3112 L
683 3061 687 3128 1
713 3057 830 3128 opordet
849 3057 873 3128 Q
889 3059 893 3127 Ι
912 3057 1043 3114 infcdore
1063 3062 1121 3188 Pp

105 3135 170 3184 ese
188 3129 282 3184 orati
306 3131 309 3200 l
338 3128 519 3184 collocassiae
539 3132 580 3198 E,
605 3129 761 3184 colocasiae
779 3130 909 3184 editiones
931 3132 940 3199 ΙΙ
964 3135 998 3184 10
1017 3148 1103 3187 amau

105 3200 180 3254 enim
198 3202 229 3254 E
240 3203 249 3270 ll
274 3206 306 3253 12
326 3199 472 3254 caliditate
490 3202 521 3254 E
532 3204 541 3271 ΙΙ
565 3207 597 3256 13
618 3201 733 3255 fondere
752 3202 780 3253 P
798 3202 804 3270 l
827 3217 935 3271 semper
952 3217 1039 3271 prope
1058 3204 1091 3258 E
1110 3205 1115 3276 Ι

105 3271 206 3325 eitetra
235 3272 273 3340 G,
302 3270 388 3325 citreo
415 3272 447 3324 E
469 3273 480 3340 ΙΙ
512 3279 546 3325 14
574 3272 706 3326 ciminum
734 3271 856 3326 erta
882 3274 892 3340 ΙΙ
921 3277 954 3326 15
984 3288 1118 3330 anessum

103 3342 234 3411 PQVF,
254 3341 363 3396 anisum
381 3342 512 3398 editiones
537 3345 541 3413 Ι
566 3343 682 3398 serimus
700 3344 732 3396 E
746 3343 757 3416 ll
776 3348 809 3398 18
828 3342 876 3396 Du
895 3343 988 3397 PleS
1004 3344 1047 3414 E,
1072 3345 1116 3401 De

103 3412 196 3466 Pomis
220 3413 242 3466 dr
264 3413 355 3494 primo
378 3413 413 3467 de
431 3413 493 3484 piro
511 3415 557 3483 ia,
581 3413 736 3486 dopmnis,
756 3417 785 3468 et
802 3413 893 3484 primo
917 3413 952 3469 de
974 3415 1054 3484 pyris
1072 3416 1116 3542 ld!

97 3489 136 3536 19
155 3483 299 3538 febroano
320 3485 344 3556 Q
367 3486 380 3557 l!
408 3490 441 3540 23
464 3485 578 3558 ponitur
600 3485 693 3557 gentis
712 3487 738 3540 L
755 3485 769 3558 ll
783 3490 818 3540 24
836 3484 921 3554 quale
939 3484 1031 3541 uineis
1050 3487 1074 3543 S
1105 3531 1115 3558 ,

89 3552 172 3607 ruale
191 3553 299 3610 umetis
319 3575 401 3631 aequ
