2370 3832
437 185 554 239 AGRIO.
569 186 608 239 III
623 189 726 240 18-19
1043 189 1084 252 91

73 329 331 416 quinquennium
352 331 476 414 poterit
499 332 607 396 ualida
629 333 743 415 planta
763 332 934 397 transferri
953 338 986 398 et
1003 334 1084 398 locis

72 419 202 505 frigidis
220 419 284 484 hoc
302 442 412 484 mense
430 420 582 504 plantari.
617 421 684 485 scio
703 421 883 505 plerosque,
903 423 988 506 quod
1007 423 1085 487 faci·

73 508 138 573 lius
162 512 259 591 atque
283 508 397 573 utilius
421 514 480 593 est,
504 509 626 574 radices
651 509 805 592 olearum,
829 531 910 593 quae
933 511 969 574 in
992 512 1084 575 siluis

71 598 263 682 plerumque
297 602 385 681 sunt,
419 602 475 662 aut
506 599 541 662 in
572 599 652 663 locis
683 598 819 663 desertis
848 603 881 663 in
909 599 1085 665 cubitalem

47 707 260 753 emensuram
284 687 403 751 recisas
428 691 484 750 aut
508 688 543 750 in
565 687 754 770 seminario,
779 689 806 751 si
829 689 1003 772 placuerit,
1028 695 1084 754 aut

73 777 108 839 in
142 775 264 839 olineto
297 774 401 840 solere
434 776 603 859 disponere
636 781 670 840 et
702 777 898 841 admixtione
929 779 1083 843 stercoris

73 864 241 928 adiuuare..
274 886 338 948 qua
360 886 395 928 rc
418 865 597 948 proueniet,
620 871 657 928 ut
680 888 719 929 ex
742 866 837 929 unius
856 866 982 930 arboris
1002 868 1085 931 radi-

73 953 165 1016 cibus
189 975 363 1018 numerosa
385 953 499 1037 planta
521 958 681 1020 nascatur.

72 1165 133 1230 DE
152 1163 391 1230 POMIFERIS
411 1166 467 1230 ΕΤ
483 1164 651 1231 SPATIIS
666 1165 825 1232 EARVM
840 1165 1082 1232 anunente

32 1297 59 1336 ιο
426 1271 734 1338 PRAEOEPTVM.

140 1397 252 1462 Etiam
265 1397 440 1482 pomiferas
455 1398 587 1462 arbores
601 1419 773 1482 possumus
788 1398 822 1461 in
836 1397 976 1482 pastinis
1005 1397 1138 1462 XVIIII

72 1510 92 1550 a
115 1487 376 1571 septemtrionali
399 1487 531 1572 regione
555 1487 738 1570 disponere,
767 1487 804 1552 de
830 1487 948 1570 quibus
973 1487 1084 1573 singil-

71 1576 168 1640 latim
196 1576 352 1660 dicemus,
385 1598 466 1659 quae
496 1576 682 1659 specialiter
709 1580 786 1639 sunt
813 1578 960 1640 tenenda.
1006 1599 1084 1640 nam

71 1665 179 1749 pomis
208 1666 320 1729 eadem
347 1665 499 1729 conuenit
527 1669 627 1747 terra,
661 1687 743 1748 qnae
771 1665 904 1731 uitibns.
951 1667 1083 1730 scrobes

31 1777 57 1817 15
72 1758 184 1818 antem
211 1754 349 1818 maiores
378 1753 491 1836 facies,
518 1758 556 1817 ut
584 1755 739 1818 materiae
765 1755 871 1837 prosis
896 1759 929 1818 et
952 1755 1084 1820 fructui.

72 1842 101 1906 si
128 1843 313 1926 pomarium
340 1843 454 1927 facies,
479 1842 566 1906 inter
594 1843 721 1907 ordines
750 1844 892 1908 tricenos
915 1844 1013 1926 pedes
1036 1866 1084 1908 re

71 1932 209 2015 linques
255 1932 383 2014 plantas
412 1935 537 1995 statues
564 1932 738 2015 radicatas,
767 1933 853 2015 quod
882 1937 931 1995 est
955 1932 1081 1996 melius.
1105 1933 1126 1996 2

73 2020 229 2102 seruabiS,
251 2043 292 2085 ne
316 2021 484 2085 cacumina
508 2024 565 2083 aut
587 2043 682 2084 manu
701 2020 807 2085 fracta
827 2024 883 2083 aut
903 2042 997 2084 erosa
1015 2043 1083 2084 non

73 2114 228 2174 crescant.
271 2130 531 2193 unumquemque
560 2110 706 2173 ordinem
729 2130 788 2173 suo
813 2111 925 2192 generi
948 2108 1083 2191 deputa·

29 2225 57 2264 so
74 2199 133 2281 bis,
156 2220 196 2261 ne
221 2197 367 2261 infirmae
389 2196 662 2261 analentioribus
682 2196 914 2279 obprimantur.
952 2197 1082 2279 plantas

72 2285 226 2351 similiter
252 2287 453 2369 notabimus,
481 2290 519 2351 ut
546 2286 639 2369 ipsis,
668 2284 786 2367 quibus
815 2288 987 2369 steterant,
1015 2307 1083 2349 car-

72 2375 203 2440 dinibus
224 2376 433 2460 obponamus.
471 2374 509 2438 de
529 2374 614 2438 cliuo
633 2373 719 2438 sicco
739 2377 772 2436 et
791 2372 867 2436 exili
885 2373 920 2437 in
938 2374 1081 2458 planum,
1105 2373 1126 2438 3

71 2465 241 2549 pinguem,
274 2463 419 2529 umidum
451 2463 692 2527 transferemus.
740 2461 768 2525 si
800 2466 932 2526 truncos
963 2485 1083 2547 ponere

72 2552 225 2635 uolueris,
247 2575 344 2637 supra
363 2556 485 2616 terram
504 2574 604 2635 prope
623 2551 729 2615 tribus
747 2550 885 2633 pedibus
905 2552 1082 2638 erigantur.

30 2668 59 2709 25
73 2642 131 2706 ubi
161 2642 239 2706 duas
267 2643 302 2706 in
329 2664 393 2705 una
421 2641 535 2706 scrobe
562 2641 692 2724 plantas
723 2639 871 2722 deponis,
904 2642 1084 2706 cauendum

73 2734 134 2817 est,
156 2753 196 2795 ne
220 2753 254 2795 se
273 2731 474 2816 contingant.
510 2753 587 2794 nam
605 2728 771 2793 uermibus
790 2727 980 2795 interibunt.
1017 2730 1083 2809 sed,

147 2983 161 3028 1
182 2977 257 3029 uada
282 2977 440 3100 Qpplanta
462 2992 512 3028 om.
535 2975 557 3044 Q
579 2978 588 3044 11
612 2981 627 3027 2
646 2973 791 3028 transferri
811 2989 863 3042 pro
887 2973 1012 3044 plantari
1031 2990 1053 3040 p

73 3047 289 3101 tcubilitatem
359 3049 369 3116 11
397 3055 411 3101 7
432 3045 541 3113 eximijs
560 3047 590 3100 F
618 3049 621 3114 1
652 3063 685 3099 ex
704 3061 754 3098 om.
769 3046 800 3097 E
825 3047 833 3113 11
862 3050 877 3096 8
900 3045 1058 3111 vellaturp

75 3124 108 3172 12
127 3121 208 3188 parte
226 3121 257 3172 E
289 3122 292 3190 1
327 3117 494 3187 singillatim
508 3118 606 3185 LSE,
631 3115 796 3184 singulatim
815 3116 841 3168 V
861 3117 890 3184 (u
913 3119 945 3169 ia
962 3117 1082 3184 rasura),

75 3189 224 3260 sigillatim
238 3192 318 3244 ceteri
330 3193 339 3259 11
355 3196 387 3243 15
406 3189 527 3242 minores
543 3191 569 3243 L
586 3192 589 3257 1
605 3187 696 3257 prosit
709 3205 727 3241 a
743 3187 746 3256 1
763 3185 901 3240 fructibus
916 3188 946 3240 E
959 3190 968 3256 11
983 3192 1015 3239 16
1035 3203 1084 3254 po·

74 3278 182 3314 marum
201 3264 240 3329 L,
267 3261 377 3330 porium
395 3262 426 3314 E
451 3263 460 3330 11
488 3266 520 3313 18
545 3260 594 3313 sed
622 3257 747 3312 seruabis
771 3259 880 3327 Eocpe
910 3261 914 3328 1
944 3274 995 3311 nec
1019 3274 1084 3310 acu-

74 3331 153 3386 mina
173 3334 199 3387 G
215 3335 218 3400 Ι
235 3336 285 3386 aut
304 3349 401 3386 aerosa
421 3333 459 3400 G,
480 3333 529 3384 aut
547 3332 674 3385 ulcerosa
693 3329 739 3398 Vll
754 3335 786 3382 19
807 3344 926 3396 sugener
944 3329 955 3381 i
976 3329 1011 3398 11,
1034 3346 1083 3383 suo

74 3420 177 3472 genere
195 3405 222 3458 L
244 3406 253 3472 11
276 3410 310 3457 20
330 3403 521 3473 deprimantur
539 3404 570 3455 E
591 3405 599 3471 11
623 3407 654 3454 21
674 3399 835 3453 notauimus
854 3400 950 3453 LVF
970 3402 979 3470 11
1002 3406 1035 3452 22
1055 3403 1084 3455 et

76 3481 139 3528 arcte
152 3474 219 3529 exili
233 3492 283 3529 ora.
299 3475 356 3528 PL
366 3474 486 3529 VTFG
502 3477 505 3543 1
523 3473 600 3528 exilii
614 3474 671 3526 PL
685 3474 694 3541 11
709 3477 742 3524 23
756 3470 883 3524 uminum
896 3474 931 3539 L,
951 3475 980 3526 et
993 3472 1084 3524 humi-

77 3545 143 3597 dum
161 3547 253 3615 iocos
268 3548 272 3617 1
288 3549 403 3601 truncus
420 3547 448 3599 L
462 3547 471 3615 11
485 3551 519 3599 24
538 3561 622 3618 super
639 3544 666 3600 V
677 3545 739 3615 tl‘tt
759 3541 892 3613 deprimis
907 3545 939 3596 L
