2378 3832
445 107 561 162 Auula.
577 107 603 160 V
616 115 685 163 4-7
1006 109 1069 172 155

229 305 289 370 Dll
315 304 429 371 ΟΙΕΟ
454 306 511 371 ΕΤ
533 304 642 372 VINO
666 305 900 373 VIOLAOEO.

37 444 41 455 '
120 431 188 496 Tot
206 430 313 496 uiolae
332 431 444 496 uncias
463 430 622 514 infundes,
641 435 721 515 quot
740 431 803 495 olei
821 431 923 495 libras
942 432 1035 497 mise·
1067 431 1098 496 V

59 521 114 623 ris,
139 525 173 585 et
198 519 310 585 diebus
335 520 550 605 quadraginta
574 521 633 622 suli
657 521 736 621 cliuo·
751 521 874 622 habere
890 521 1032 622 debebis.
1044 517 1121 606 (Vl)

41 610 358 782 mittit
379 609 829 762 tittfssttllttttl
843 609 1069 763 lttllt

62 790 132 870 post
155 785 294 873 triginta
318 786 385 851 dies
404 786 513 851 decem
535 787 641 851 mellis
660 786 857 871 ponderibus
867 789 934 850 tem
944 809 1068 871 perere.

405 1015 465 1081 Du
489 1015 727 1083 ARMENTIS.

122 1141 197 1207 Hoc
219 1163 329 1207 mense
353 1141 450 1206 uituli
472 1142 562 1206 nasci
586 1141 705 1222 solent,
734 1164 870 1226 quorum
895 1146 1015 1205 matres
1047 1140 1096 1205 VI

62 1229 258 1297 abnndantia
289 1229 402 1315 pabuli
433 1230 598 1313 iuuentur,
639 1235 676 1294 ut
708 1231 855 1294 sufficere
888 1230 1016 1314 possint
1026 1227 1121 1316 (Vll)

32 1320 186 1385 retributo
214 1319 336 1384 laboris
359 1324 393 1383 et
415 1318 518 1383 lactis.
558 1319 639 1403 ipsis
668 1324 775 1383 autem
800 1320 914 1384 uitulis
943 1323 1068 1383 tostum

62 1409 275 1494 melitumque
293 1407 421 1472 milium
440 1429 513 1472 cum
532 1408 616 1472 lacte
635 1407 810 1472 misceatur
829 1407 961 1472 suliuati
978 1429 1067 1472 more

60 1497 284 1580 praebendum.
330 1518 417 1561 nunc
448 1497 530 1561 locis
565 1496 677 1561 calidis
705 1497 901 1561 tondeantur
929 1519 1006 1561 oues
1035 1501 1068 1561 et

62 1586 196 1651 serotini
223 1584 309 1651 fetus
337 1584 400 1650 hoc
423 1607 533 1650 mense
557 1587 737 1671 signentur.¹
780 1608 865 1650 nunc
888 1586 994 1669 prima
1017 1590 1068 1650 est
1160 1654 1163 1659 ,

61 1675 249 1758 admissura,
273 1696 355 1759 quae
375 1674 512 1756 excellit,
536 1675 684 1759 arietum,
702 1679 740 1738 ut
759 1696 861 1760 agnos
880 1674 946 1739 iam
964 1679 1069 1740 matu-

31 1784 111 1829 uros
133 1764 308 1829 hibernum
332 1767 461 1846 tempus
484 1763 638 1828 inueniat.

440 1992 499 2058 DE
523 1992 692 2058 APIBVs,

123 2118 196 2183 Hoc
224 2140 334 2183 mense
362 2118 443 2183 locis
471 2119 557 2203 aptis
586 2141 663 2204 apes
695 2140 892 2202 quaeremus.
940 2117 995 2182 sed
1031 2116 1098 2182 VII

58 2209 129 2272 loca
157 2207 308 2271 mellifica
335 2207 479 2272 indicant
506 2230 596 2292 apes,
631 2208 659 2271 si
687 2206 773 2271 circa
800 2207 908 2270 fontes
936 2205 995 2269 fre·
1009 2203 1120 2292 (Vlll)

59 2296 291 2380 quentissimae
319 2300 507 2380 pascantur:
535 2319 611 2361 nam
639 2296 667 2360 si
695 2294 833 2359 rariores
862 2295 1068 2380 uidebuntur,

27 2384 93 2449 uin
119 2383 171 2449 his
199 2385 280 2450 locis
307 2385 488 2449 mellificari
516 2386 642 2449 utiliter
669 2406 735 2449 non
762 2388 880 2468 potest.
927 2385 1013 2467 quod
1039 2384 1067 2449 si

58 2473 245 2559 frequentes
279 2478 452 2558 aquantur,
484 2475 542 2539 ubi
570 2475 637 2538 sint
670 2475 818 2538 examina
849 2495 973 2555 earum,
1005 2475 1068 2538 hoc

58 2583 175 2647 genere
193 2584 367 2647 possumus
386 2562 540 2628 inuenire.
572 2585 609 2627 ae
628 2563 744 2646 primo,
764 2584 860 2645 quam
878 2561 975 2647 longe
992 2563 1067 2646 sint,
1091 2564 1112 2627 2

131 2753 367 2808 lLlUOLAOEO
389 2754 424 2824 Q,
448 2753 619 2808 UIOLATIO
641 2755 667 2810 G
693 2757 702 2825 ΙΙ
730 2761 745 2808 2
764 2754 897 2809 infundes
914 2772 964 2809 om.
980 2754 1068 2824 PLQ

63 2825 258 2894 waram,
277 2825 410 2879 infundas
424 2827 466 2893 iu,
482 2825 643 2950 [infundasg
653 2842 705 2896 cys
718 2829 727 2896 ΙΙ
741 2833 757 2880 3
772 2826 819 2879 dio
835 2843 910 2897 ceys
923 2828 932 2895 ΙΙ
946 2831 963 2879 4
977 2825 1017 2877 nil
1032 2825 1067 2892 L,

57 2896 147 2951 nichil
165 2896 197 2950 E
210 2897 214 2965 1
230 2896 355 2951 habeant
373 2898 500 2968 Eiacys
522 2899 531 2966 ll
554 2902 569 2949 5
589 2895 624 2949 de
645 2913 722 2951 emus
741 2898 768 2950 L
790 2900 799 2966 ΙΙ
822 2899 994 2965 atemptare
1013 2896 1044 2949 E
1059 2896 1069 2967 ll

58 2973 74 3022 8
92 2968 171 3022 Haec
190 2967 273 3021 melle
286 2970 314 3023 L
327 2971 337 3038 ΙΙ
352 2974 384 3022 10
403 2967 501 3022 tritum
516 2984 569 3036 pro
587 2969 693 3021 tostum
707 2985 730 3037 p
742 2971 751 3038 ΙΙ
767 2967 1012 3034 11,mollitumque
1034 2967 1067 3036 G,

57 3039 189 3094 molitum
212 3039 243 3092 E
270 3040 274 3111 Ι
304 3039 409 3093 saluati
430 3039 465 3109 Q,
489 3038 582 3092 saliua
604 3038 704 3093 timore
723 3041 754 3106 V,
778 3037 922 3092 salinatim
941 3055 988 3092 cre
1006 3038 1067 3107 ΒΕ,

58 3109 204 3164 saliuatim
223 3109 264 3163 ori
286 3111 353 3179 Ta,
377 3110 529 3164 saluiatum
553 3126 599 3163 ore
618 3112 658 3179 Ε,
682 3110 798 3164 saluiati
820 3111 866 3177 iu,
891 3108 1006 3163 saliuari
1024 3109 1066 3181 ql

58 3180 412 3250 salmati-praebendum
430 3199 513 3250 emp
531 3183 540 3251 ΙΙ
565 3187 597 3234 13
616 3181 698 3235 Nunc
717 3181 803 3236 etiam
821 3198 858 3235 ae
884 3182 920 3249 ⁸ll
944 3186 977 3233 14
996 3196 1068 3248 quae

58 3252 174 3307 excellit
189 3269 238 3306 cm.
251 3271 273 3322 p
287 3256 296 3323 ΙΙ
311 3259 343 3307 16
361 3251 788 3306 DEINVESTIGANDISAPIB:
808 3252 848 3305 IN
861 3198 908 3305 io
923 3251 970 3303 ET
983 3251 1068 3305 Pura

58 3322 196 3378 GANDIS
225 3324 251 3378 G
278 3327 287 3394 ΙΙ
316 3330 347 3378 17
376 3323 478 3393 apricis
505 3325 598 3394 lacus
624 3326 633 3394 ΙΙ
662 3328 695 3377 18
727 3321 952 3392 frequentissime
980 3340 1069 3378 omues

54 3401 167 3465 praeter
183 3395 231 3449 Ea
240 3397 253 3464 ll
266 3402 301 3449 20
317 3395 521 3450 APRILIMEN
543 3396 568 3452 G
589 3397 623 3452 iu
639 3396 767 3469 uaeque
777 3397 925 3467 truserint
938 3393 1085 3460 Excute-

50 3466 119 3514 nmt
129 3481 156 3530 p
164 3466 180 3530 (l
190 3469 222 3516 21
241 3465 409 3536 frequenter
424 3469 458 3523 E
470 3472 479 3542 ll
493 3476 530 3525 22
549 3469 640 3546 longe
660 3473 716 3526 aut
731 3485 827 3542 pruna
844 3485 883 3538 lt
