<?xml version="1.0" encoding="UTF-8"?>
<!DOCTYPE html PUBLIC "-//W3C//DTD XHTML 1.0 Transitional//EN"
    "http://www.w3.org/TR/xhtml1/DTD/xhtml1-transitional.dtd">
<html xmlns="http://www.w3.org/1999/xhtml" xml:lang="en" lang="en">
 <head>
  <title>
</title>
<meta http-equiv="Content-Type" content="text/html;charset=utf-8" />
  <meta name='ocr-system' content='tesseract 3.04.00' />
  <meta name='ocr-capabilities' content='ocr_page ocr_carea ocr_par ocr_line ocrx_word'/>
</head>
<body>
  <div class='ocr_page' id='page_1' title='image "./palladiirutilii00pallgoog_0277.png"; bbox 0 0 2378 3832; ppageno 0'>
   <div class='ocr_carea' id='block_1_1' title="bbox 122 165 715 278">
    <p class='ocr_par' dir='ltr' id='par_1_1' title="bbox 122 165 715 278">
     <span class='ocr_line' id='line_1_1' title="bbox 122 165 715 278; baseline -0.017 0"><span class='ocrx_word' id='word_1_1' title='bbox 122 211 190 278; x_wconf 78' lang='lat' dir='ltr'>aua</span> <span class='ocrx_word' id='word_1_2' title='bbox 408 165 410 168; x_wconf 33' lang='lat'><em>⁴</em></span> <span class='ocrx_word' id='word_1_3' title='bbox 546 216 715 270; x_wconf 65' lang='lat' dir='ltr'>aaaron</span> 
     </span>
    </p>
   </div>
   <div class='ocr_carea' id='block_1_2' title="bbox 519 414 745 482">
    <p class='ocr_par' dir='ltr' id='par_1_2' title="bbox 519 414 745 482">
     <span class='ocr_line' id='line_1_2' title="bbox 519 414 745 482; baseline 0.004 -3"><span class='ocrx_word' id='word_1_4' title='bbox 519 414 579 479; x_wconf 83' lang='lat' dir='ltr'>DE</span> <span class='ocrx_word' id='word_1_5' title='bbox 601 414 745 482; x_wconf 80' lang='lat' dir='ltr'><strong>POMIS.</strong></span> 
     </span>
    </p>
   </div>
   <div class='ocr_carea' id='block_1_3' title="bbox 71 537 1183 1765">
    <p class='ocr_par' dir='ltr' id='par_1_3' title="bbox 71 537 1183 1072">
     <span class='ocr_line' id='line_1_3' title="bbox 71 537 1142 629; baseline 0.004 -25"><span class='ocrx_word' id='word_1_6' title='bbox 71 537 140 604; x_wconf 91' lang='lat' dir='ltr'>IllI</span> <span class='ocrx_word' id='word_1_7' title='bbox 207 538 440 625; x_wconf 79' lang='lat' dir='ltr'>Hypomelides</span> <span class='ocrx_word' id='word_1_8' title='bbox 476 562 574 624; x_wconf 89' lang='lat' dir='ltr'>poma</span> <span class='ocrx_word' id='word_1_9' title='bbox 611 545 700 626; x_wconf 87' lang='lat' dir='ltr'>sunt,</span> <span class='ocrx_word' id='word_1_10' title='bbox 742 545 780 605; x_wconf 89' lang='lat' dir='ltr'>ut</span> <span class='ocrx_word' id='word_1_11' title='bbox 811 540 975 606; x_wconf 79' lang='lat' dir='ltr'><strong>Martialis</strong></span> <span class='ocrx_word' id='word_1_12' title='bbox 1008 543 1142 629; x_wconf 78' lang='lat' dir='ltr'><strong>adserit,</strong></span> 
     </span>
     <span class='ocr_line' id='line_1_4' title="bbox 125 628 1141 697; baseline 0.003 -3"><span class='ocrx_word' id='word_1_13' title='bbox 125 628 224 694; x_wconf 88' lang='lat' dir='ltr'>sorbo</span> <span class='ocrx_word' id='word_1_14' title='bbox 255 628 383 694; x_wconf 89' lang='lat' dir='ltr'>similia.</span> <span class='ocrx_word' id='word_1_15' title='bbox 433 628 589 694; x_wconf 87' lang='lat' dir='ltr'>mediocri</span> <span class='ocrx_word' id='word_1_16' title='bbox 625 631 739 694; x_wconf 89' lang='lat' dir='ltr'>arbore</span> <span class='ocrx_word' id='word_1_17' title='bbox 776 634 954 696; x_wconf 90' lang='lat' dir='ltr'>nascuntur</span> <span class='ocrx_word' id='word_1_18' title='bbox 993 636 1027 695; x_wconf 88' lang='lat' dir='ltr'>et</span> <span class='ocrx_word' id='word_1_19' title='bbox 1059 632 1141 697; x_wconf 90' lang='lat' dir='ltr'>flore</span> 
     </span>
     <span class='ocr_line' id='line_1_5' title="bbox 108 715 1140 804; baseline 0.003 -21"><span class='ocrx_word' id='word_1_20' title='bbox 108 715 308 783; x_wconf 85' lang='lat' dir='ltr'>candidulo.</span> <span class='ocrx_word' id='word_1_21' title='bbox 354 718 488 782; x_wconf 82' lang='lat' dir='ltr'>dulcedo</span> <span class='ocrx_word' id='word_1_22' title='bbox 520 718 597 784; x_wconf 90' lang='lat' dir='ltr'>huic</span> <span class='ocrx_word' id='word_1_23' title='bbox 629 719 752 784; x_wconf 80' lang='lat' dir='ltr'>fructui</span> <span class='ocrx_word' id='word_1_24' title='bbox 784 741 858 784; x_wconf 89' lang='lat' dir='ltr'>cum</span> <span class='ocrx_word' id='word_1_25' title='bbox 891 724 986 785; x_wconf 91' lang='lat' dir='ltr'>acuto</span> <span class='ocrx_word' id='word_1_26' title='bbox 1019 741 1140 804; x_wconf 87' lang='lat' dir='ltr'>sapore</span> 
     </span>
     <span class='ocr_line' id='line_1_6' title="bbox 127 807 1183 878; baseline 0.006 -6"><span class='ocrx_word' id='word_1_27' title='bbox 127 807 292 872; x_wconf 78' lang='lat' dir='ltr'><strong>conmixta</strong></span> <span class='ocrx_word' id='word_1_28' title='bbox 328 812 387 872; x_wconf 89' lang='lat' dir='ltr'>est.</span> <span class='ocrx_word' id='word_1_29' title='bbox 443 808 563 871; x_wconf 86' lang='lat' dir='ltr'>seritur</span> <span class='ocrx_word' id='word_1_30' title='bbox 599 829 708 873; x_wconf 89' lang='lat' dir='ltr'>mense</span> <span class='ocrx_word' id='word_1_31' title='bbox 745 807 908 874; x_wconf 80' lang='lat' dir='ltr'>decembri</span> <span class='ocrx_word' id='word_1_32' title='bbox 942 808 1067 874; x_wconf 82' lang='lat' dir='ltr'>nucleis</span> <span class='ocrx_word' id='word_1_33' title='bbox 1105 811 1142 875; x_wconf 90' lang='lat' dir='ltr'>in</span> <span class='ocrx_word' id='word_1_34' title='bbox 1169 835 1183 878; x_wconf 77' lang='lat'><strong>⁵</strong></span> 
     </span>
     <span class='ocr_line' id='line_1_7' title="bbox 126 895 1141 982; baseline 0.003 -21"><span class='ocrx_word' id='word_1_35' title='bbox 126 895 268 962; x_wconf 88' lang='lat' dir='ltr'>uasculia</span> <span class='ocrx_word' id='word_1_36' title='bbox 291 896 417 981; x_wconf 90' lang='lat' dir='ltr'>positis.</span> <span class='ocrx_word' id='word_1_37' title='bbox 463 918 572 962; x_wconf 91' lang='lat' dir='ltr'>mense</span> <span class='ocrx_word' id='word_1_38' title='bbox 600 900 710 961; x_wconf 91' lang='lat' dir='ltr'>autem</span> <span class='ocrx_word' id='word_1_39' title='bbox 733 896 897 962; x_wconf 85' lang='lat' dir='ltr'>februario</span> <span class='ocrx_word' id='word_1_40' title='bbox 919 898 1141 982; x_wconf 82' lang='lat' dir='ltr'>hypomelidis</span> 
     </span>
     <span class='ocr_line' id='line_1_8' title="bbox 128 984 1143 1072; baseline 0.002 -22"><span class='ocrx_word' id='word_1_41' title='bbox 128 986 241 1070; x_wconf 90' lang='lat' dir='ltr'>planta</span> <span class='ocrx_word' id='word_1_42' title='bbox 269 986 324 1050; x_wconf 87' lang='lat' dir='ltr'>sed</span> <span class='ocrx_word' id='word_1_43' title='bbox 357 984 485 1069; x_wconf 87' lang='lat' dir='ltr'>pollicis</span> <span class='ocrx_word' id='word_1_44' title='bbox 518 985 743 1072; x_wconf 82' lang='lat' dir='ltr'>magnitudine</span> <span class='ocrx_word' id='word_1_45' title='bbox 775 988 911 1051; x_wconf 88' lang='lat' dir='ltr'>robusta</span> <span class='ocrx_word' id='word_1_46' title='bbox 940 986 1143 1052; x_wconf 81' lang='lat' dir='ltr'>transfertur</span> 
     </span>
    </p>

    <p class='ocr_par' dir='ltr' id='par_1_4' title="bbox 80 1074 1183 1765">
     <span class='ocr_line' id='line_1_9' title="bbox 80 1074 1142 1159; baseline 0.001 -19"><span class='ocrx_word' id='word_1_47' title='bbox 80 1078 100 1140; x_wconf 75' lang='lat'>2</span> <span class='ocrx_word' id='word_1_48' title='bbox 127 1074 322 1140; x_wconf 86' lang='lat' dir='ltr'>breuissime</span> <span class='ocrx_word' id='word_1_49' title='bbox 345 1075 459 1139; x_wconf 83' lang='lat' dir='ltr'>scrobe</span> <span class='ocrx_word' id='word_1_50' title='bbox 483 1075 592 1139; x_wconf 88' lang='lat' dir='ltr'>soluta</span> <span class='ocrx_word' id='word_1_51' title='bbox 615 1078 703 1139; x_wconf 87' lang='lat' dir='ltr'>terra</span> <span class='ocrx_word' id='word_1_52' title='bbox 725 1075 867 1159; x_wconf 90' lang='lat' dir='ltr'>plurimo</span> <span class='ocrx_word' id='word_1_53' title='bbox 891 1079 1044 1141; x_wconf 82' lang='lat' dir='ltr'>stercore.</span> <span class='ocrx_word' id='word_1_54' title='bbox 1083 1077 1142 1142; x_wconf 85' lang='lat' dir='ltr'>sed</span> 
     </span>
     <span class='ocr_line' id='line_1_10' title="bbox 127 1163 1142 1249; baseline 0.001 -19"><span class='ocrx_word' id='word_1_55' title='bbox 127 1164 301 1230; x_wconf 89' lang='lat' dir='ltr'>munienda</span> <span class='ocrx_word' id='word_1_56' title='bbox 324 1167 384 1249; x_wconf 81' lang='lat' dir='ltr'>est,</span> <span class='ocrx_word' id='word_1_57' title='bbox 407 1163 483 1248; x_wconf 89' lang='lat' dir='ltr'>quia</span> <span class='ocrx_word' id='word_1_58' title='bbox 506 1164 571 1228; x_wconf 89' lang='lat' dir='ltr'>cito</span> <span class='ocrx_word' id='word_1_59' title='bbox 595 1164 729 1249; x_wconf 88' lang='lat' dir='ltr'>arescit,</span> <span class='ocrx_word' id='word_1_60' title='bbox 751 1165 780 1228; x_wconf 92' lang='lat' dir='ltr'>si</span> <span class='ocrx_word' id='word_1_61' title='bbox 802 1164 927 1230; x_wconf 85' lang='lat' dir='ltr'>radices</span> <span class='ocrx_word' id='word_1_62' title='bbox 949 1164 1039 1230; x_wconf 88' lang='lat' dir='ltr'>illius</span> <span class='ocrx_word' id='word_1_63' title='bbox 1064 1187 1142 1231; x_wconf 93' lang='lat' dir='ltr'>uen-</span> 
     </span>
     <span class='ocr_line' id='line_1_11' title="bbox 127 1253 1183 1338; baseline 0.002 -20"><span class='ocrx_word' id='word_1_64' title='bbox 127 1258 181 1318; x_wconf 88' lang='lat' dir='ltr'>tus</span> <span class='ocrx_word' id='word_1_65' title='bbox 214 1253 394 1319; x_wconf 86' lang='lat' dir='ltr'>adflauerit.</span> <span class='ocrx_word' id='word_1_66' title='bbox 444 1256 567 1317; x_wconf 88' lang='lat' dir='ltr'>terram</span> <span class='ocrx_word' id='word_1_67' title='bbox 604 1253 872 1338; x_wconf 84' lang='lat' dir='ltr'>qualemcumque</span> <span class='ocrx_word' id='word_1_68' title='bbox 904 1275 972 1318; x_wconf 93' lang='lat' dir='ltr'>non</span> <span class='ocrx_word' id='word_1_69' title='bbox 1003 1254 1142 1338; x_wconf 84' lang='lat' dir='ltr'>respuit.</span> <span class='ocrx_word' id='word_1_70' title='bbox 1157 1282 1183 1321; x_wconf 81' lang='lat' dir='ltr'>io</span> 
     </span>
     <span class='ocr_line' id='line_1_12' title="bbox 127 1338 1144 1426; baseline 0.001 -19"><span class='ocrx_word' id='word_1_71' title='bbox 127 1346 216 1407; x_wconf 90' lang='lat' dir='ltr'>amat</span> <span class='ocrx_word' id='word_1_72' title='bbox 238 1343 311 1408; x_wconf 90' lang='lat' dir='ltr'>loca</span> <span class='ocrx_word' id='word_1_73' title='bbox 338 1340 461 1425; x_wconf 86' lang='lat' dir='ltr'>tepida,</span> <span class='ocrx_word' id='word_1_74' title='bbox 494 1338 618 1426; x_wconf 84' lang='lat' dir='ltr'>aprica,</span> <span class='ocrx_word' id='word_1_75' title='bbox 644 1341 811 1407; x_wconf 90' lang='lat' dir='ltr'>maritima</span> <span class='ocrx_word' id='word_1_76' title='bbox 833 1347 868 1407; x_wconf 87' lang='lat' dir='ltr'>ct</span> <span class='ocrx_word' id='word_1_77' title='bbox 890 1363 986 1426; x_wconf 87' lang='lat' dir='ltr'>saepe</span> <span class='ocrx_word' id='word_1_78' title='bbox 1010 1364 1144 1409; x_wconf 88' lang='lat' dir='ltr'>saxosa.</span> 
     </span>
     <span class='ocr_line' id='line_1_13' title="bbox 126 1429 1144 1517; baseline 0.002 -21"><span class='ocrx_word' id='word_1_79' title='bbox 126 1435 251 1497; x_wconf 92' lang='lat' dir='ltr'>statum</span> <span class='ocrx_word' id='word_1_80' title='bbox 269 1430 427 1516; x_wconf 80' lang='lat' dir='ltr'>frigidum</span> <span class='ocrx_word' id='word_1_81' title='bbox 445 1429 645 1497; x_wconf 88' lang='lat' dir='ltr'>reformidat.</span> <span class='ocrx_word' id='word_1_82' title='bbox 680 1429 780 1496; x_wconf 86' lang='lat' dir='ltr'>inseri</span> <span class='ocrx_word' id='word_1_83' title='bbox 797 1453 865 1496; x_wconf 95' lang='lat' dir='ltr'>non</span> <span class='ocrx_word' id='word_1_84' title='bbox 882 1434 1001 1516; x_wconf 90' lang='lat' dir='ltr'>potest,</span> <span class='ocrx_word' id='word_1_85' title='bbox 1020 1433 1144 1517; x_wconf 84' lang='lat' dir='ltr'>exigua</span> 
     </span>
     <span class='ocr_line' id='line_1_14' title="bbox 127 1519 1143 1604; baseline 0.002 -19"><span class='ocrx_word' id='word_1_86' title='bbox 127 1521 223 1585; x_wconf 89' lang='lat' dir='ltr'>durat</span> <span class='ocrx_word' id='word_1_87' title='bbox 253 1522 369 1584; x_wconf 90' lang='lat' dir='ltr'>aetate.</span> <span class='ocrx_word' id='word_1_88' title='bbox 414 1541 512 1604; x_wconf 90' lang='lat' dir='ltr'>poma</span> <span class='ocrx_word' id='word_1_89' title='bbox 542 1519 611 1584; x_wconf 90' lang='lat' dir='ltr'>eius</span> <span class='ocrx_word' id='word_1_90' title='bbox 644 1523 701 1584; x_wconf 91' lang='lat' dir='ltr'>aut</span> <span class='ocrx_word' id='word_1_91' title='bbox 729 1519 765 1584; x_wconf 93' lang='lat' dir='ltr'>in</span> <span class='ocrx_word' id='word_1_92' title='bbox 793 1519 912 1604; x_wconf 85' lang='lat' dir='ltr'>picatis</span> <span class='ocrx_word' id='word_1_93' title='bbox 939 1525 974 1584; x_wconf 91' lang='lat' dir='ltr'>et</span> <span class='ocrx_word' id='word_1_94' title='bbox 1000 1521 1143 1587; x_wconf 86' lang='lat' dir='ltr'>munitis</span> 
     </span>
     <span class='ocr_line' id='line_1_15' title="bbox 126 1607 1141 1693; baseline 0.002 -19"><span class='ocrx_word' id='word_1_95' title='bbox 126 1609 266 1674; x_wconf 88' lang='lat' dir='ltr'>urceolis</span> <span class='ocrx_word' id='word_1_96' title='bbox 304 1611 360 1672; x_wconf 90' lang='lat' dir='ltr'>aut</span> <span class='ocrx_word' id='word_1_97' title='bbox 392 1609 490 1674; x_wconf 88' lang='lat' dir='ltr'>scobe</span> <span class='ocrx_word' id='word_1_98' title='bbox 521 1608 635 1693; x_wconf 89' lang='lat' dir='ltr'>populi</span> <span class='ocrx_word' id='word_1_99' title='bbox 667 1611 724 1673; x_wconf 86' lang='lat' dir='ltr'>aut</span> <span class='ocrx_word' id='word_1_100' title='bbox 754 1607 789 1673; x_wconf 90' lang='lat' dir='ltr'>in</span> <span class='ocrx_word' id='word_1_101' title='bbox 826 1608 900 1673; x_wconf 89' lang='lat' dir='ltr'>ollis</span> <span class='ocrx_word' id='word_1_102' title='bbox 936 1608 1022 1674; x_wconf 90' lang='lat' dir='ltr'>iuter</span> <span class='ocrx_word' id='word_1_103' title='bbox 1057 1631 1141 1676; x_wconf 87' lang='lat' dir='ltr'>uuas</span> 
     </span>
     <span class='ocr_line' id='line_1_16' title="bbox 125 1696 1180 1765; baseline 0.003 -3"><span class='ocrx_word' id='word_1_104' title='bbox 125 1696 270 1762; x_wconf 88' lang='lat' dir='ltr'>uinaccis</span> <span class='ocrx_word' id='word_1_105' title='bbox 295 1697 412 1761; x_wconf 91' lang='lat' dir='ltr'>obruta</span> <span class='ocrx_word' id='word_1_106' title='bbox 435 1697 662 1763; x_wconf 87' lang='lat' dir='ltr'>seruabuntur.</span> <span class='ocrx_word' id='word_1_107' title='bbox 1156 1724 1180 1765; x_wconf 76' lang='lat'>1⁵</span> 
     </span>
    </p>
   </div>
   <div class='ocr_carea' id='block_1_4' title="bbox 371 1925 895 1994">
    <p class='ocr_par' dir='ltr' id='par_1_5' title="bbox 371 1925 895 1994">
     <span class='ocr_line' id='line_1_17' title="bbox 371 1925 895 1994; baseline 0.004 -2"><span class='ocrx_word' id='word_1_108' title='bbox 371 1927 431 1992; x_wconf 82' lang='lat' dir='ltr'>DE</span> <span class='ocrx_word' id='word_1_109' title='bbox 455 1925 586 1992; x_wconf 81' lang='lat' dir='ltr'><strong>RAPIS</strong></span> <span class='ocrx_word' id='word_1_110' title='bbox 610 1926 895 1994; x_wconf 77' lang='lat' dir='ltr'><strong>CONDIENDIS.</strong></span> 
     </span>
    </p>
   </div>
   <div class='ocr_carea' id='block_1_5' title="bbox 72 2052 1170 2672">
    <p class='ocr_par' dir='ltr' id='par_1_6' title="bbox 72 2052 1170 2672">
     <span class='ocr_line' id='line_1_18' title="bbox 72 2052 1141 2138; baseline -0.004 -18"><span class='ocrx_word' id='word_1_111' title='bbox 72 2054 104 2119; x_wconf 92' lang='lat' dir='ltr'><strong>V</strong></span> <span class='ocrx_word' id='word_1_112' title='bbox 188 2053 285 2120; x_wconf 91' lang='lat' dir='ltr'>Nunc</span> <span class='ocrx_word' id='word_1_113' title='bbox 317 2076 397 2138; x_wconf 89' lang='lat' dir='ltr'>rapa</span> <span class='ocrx_word' id='word_1_114' title='bbox 430 2053 465 2118; x_wconf 93' lang='lat' dir='ltr'>in</span> <span class='ocrx_word' id='word_1_115' title='bbox 501 2058 611 2137; x_wconf 87' lang='lat' dir='ltr'>partes</span> <span class='ocrx_word' id='word_1_116' title='bbox 643 2053 786 2118; x_wconf 90' lang='lat' dir='ltr'>minutas</span> <span class='ocrx_word' id='word_1_117' title='bbox 818 2052 923 2119; x_wconf 87' lang='lat' dir='ltr'>recisa</span> <span class='ocrx_word' id='word_1_118' title='bbox 955 2056 989 2118; x_wconf 89' lang='lat' dir='ltr'>et</span> <span class='ocrx_word' id='word_1_119' title='bbox 1020 2052 1141 2118; x_wconf 86' lang='lat' dir='ltr'>leuiter</span> 
     </span>
     <span class='ocr_line' id='line_1_19' title="bbox 126 2141 1139 2227; baseline -0.004 -17"><span class='ocrx_word' id='word_1_120' title='bbox 126 2148 220 2211; x_wconf 86' lang='lat' dir='ltr'>cocta</span> <span class='ocrx_word' id='word_1_121' title='bbox 243 2148 276 2209; x_wconf 90' lang='lat' dir='ltr'>et</span> <span class='ocrx_word' id='word_1_122' title='bbox 299 2147 371 2210; x_wconf 90' lang='lat' dir='ltr'>tota</span> <span class='ocrx_word' id='word_1_123' title='bbox 393 2143 444 2207; x_wconf 89' lang='lat' dir='ltr'>die</span> <span class='ocrx_word' id='word_1_124' title='bbox 468 2141 658 2227; x_wconf 85' lang='lat' dir='ltr'>diligentius</span> <span class='ocrx_word' id='word_1_125' title='bbox 682 2143 851 2226; x_wconf 83' lang='lat' dir='ltr'>exsiccata,</span> <span class='ocrx_word' id='word_1_126' title='bbox 872 2164 913 2207; x_wconf 91' lang='lat' dir='ltr'>ne</span> <span class='ocrx_word' id='word_1_127' title='bbox 936 2141 1014 2225; x_wconf 91' lang='lat' dir='ltr'>quid</span> <span class='ocrx_word' id='word_1_128' title='bbox 1038 2162 1139 2206; x_wconf 87' lang='lat' dir='ltr'>reser-</span> 
     </span>
     <span class='ocr_line' id='line_1_20' title="bbox 125 2231 1138 2318; baseline -0.005 -19"><span class='ocrx_word' id='word_1_129' title='bbox 125 2239 182 2299; x_wconf 87' lang='lat' dir='ltr'>uet</span> <span class='ocrx_word' id='word_1_130' title='bbox 204 2233 342 2318; x_wconf 75' lang='lat' dir='ltr'>moria,</span> <span class='ocrx_word' id='word_1_131' title='bbox 371 2231 482 2315; x_wconf 90' lang='lat' dir='ltr'>senapi</span> <span class='ocrx_word' id='word_1_132' title='bbox 506 2253 545 2296; x_wconf 84' lang='lat' dir='ltr'>ex</span> <span class='ocrx_word' id='word_1_133' title='bbox 568 2235 675 2314; x_wconf 89' lang='lat' dir='ltr'>aceto,</span> <span class='ocrx_word' id='word_1_134' title='bbox 698 2231 783 2296; x_wconf 86' lang='lat' dir='ltr'>siout</span> <span class='ocrx_word' id='word_1_135' title='bbox 806 2231 906 2296; x_wconf 88' lang='lat' dir='ltr'>moris</span> <span class='ocrx_word' id='word_1_136' title='bbox 929 2233 993 2314; x_wconf 88' lang='lat' dir='ltr'>est,</span> <span class='ocrx_word' id='word_1_137' title='bbox 1016 2233 1138 2314; x_wconf 84' lang='lat' dir='ltr'>tempe</span> 
     </span>
     <span class='ocr_line' id='line_1_21' title="bbox 125 2318 1170 2408; baseline -0.004 -20"><span class='ocrx_word' id='word_1_138' title='bbox 125 2327 199 2388; x_wconf 88' lang='lat' dir='ltr'>rato</span> <span class='ocrx_word' id='word_1_139' title='bbox 228 2343 374 2408; x_wconf 81' lang='lat' dir='ltr'>mergere</span> <span class='ocrx_word' id='word_1_140' title='bbox 406 2324 439 2386; x_wconf 87' lang='lat' dir='ltr'>et</span> <span class='ocrx_word' id='word_1_141' title='bbox 470 2319 600 2386; x_wconf 88' lang='lat' dir='ltr'>condire</span> <span class='ocrx_word' id='word_1_142' title='bbox 629 2320 815 2385; x_wconf 89' lang='lat' dir='ltr'>curabimus</span> <span class='ocrx_word' id='word_1_143' title='bbox 843 2323 878 2384; x_wconf 89' lang='lat' dir='ltr'>et</span> <span class='ocrx_word' id='word_1_144' title='bbox 904 2318 1030 2403; x_wconf 91' lang='lat' dir='ltr'>repleta</span> <span class='ocrx_word' id='word_1_145' title='bbox 1059 2340 1170 2384; x_wconf 78' lang='lat' dir='ltr'>uasaa</span> 
     </span>
     <span class='ocr_line' id='line_1_22' title="bbox 126 2407 1137 2494; baseline -0.007 -16"><span class='ocrx_word' id='word_1_146' title='bbox 126 2413 312 2479; x_wconf 87' lang='lat' dir='ltr'>claudemus</span> <span class='ocrx_word' id='word_1_147' title='bbox 336 2431 373 2474; x_wconf 91' lang='lat' dir='ltr'>ae</span> <span class='ocrx_word' id='word_1_148' title='bbox 396 2413 472 2494; x_wconf 91' lang='lat' dir='ltr'>post</span> <span class='ocrx_word' id='word_1_149' title='bbox 495 2409 681 2492; x_wconf 89' lang='lat' dir='ltr'>aliquantos</span> <span class='ocrx_word' id='word_1_150' title='bbox 705 2407 773 2474; x_wconf 86' lang='lat' dir='ltr'>dies</span> <span class='ocrx_word' id='word_1_151' title='bbox 793 2408 944 2494; x_wconf 78' lang='lat' dir='ltr'>gustibus</span> <span class='ocrx_word' id='word_1_152' title='bbox 967 2407 1137 2490; x_wconf 86' lang='lat' dir='ltr'>explorata</span> 
     </span>
     <span class='ocr_line' id='line_1_23' title="bbox 125 2497 1137 2586; baseline -0.004 -21"><span class='ocrx_word' id='word_1_153' title='bbox 125 2500 327 2586; x_wconf 85' lang='lat' dir='ltr'>proferemus</span> <span class='ocrx_word' id='word_1_154' title='bbox 350 2499 450 2564; x_wconf 85' lang='lat' dir='ltr'>usuri.</span> <span class='ocrx_word' id='word_1_155' title='bbox 488 2520 586 2583; x_wconf 92' lang='lat' dir='ltr'>quam</span> <span class='ocrx_word' id='word_1_156' title='bbox 609 2519 679 2562; x_wconf 84' lang='lat' dir='ltr'>rem</span> <span class='ocrx_word' id='word_1_157' title='bbox 701 2497 849 2563; x_wconf 88' lang='lat' dir='ltr'>ianuario</span> <span class='ocrx_word' id='word_1_158' title='bbox 872 2518 1001 2581; x_wconf 88' lang='lat' dir='ltr'>quoque</span> <span class='ocrx_word' id='word_1_159' title='bbox 1026 2500 1060 2561; x_wconf 88' lang='lat' dir='ltr'>ct</span> <span class='ocrx_word' id='word_1_160' title='bbox 1082 2517 1137 2561; x_wconf 84' lang='lat' dir='ltr'>no·</span> 
     </span>
     <span class='ocr_line' id='line_1_24' title="bbox 125 2586 749 2672; baseline -0.006 -17"><span class='ocrx_word' id='word_1_161' title='bbox 125 2589 253 2655; x_wconf 89' lang='lat' dir='ltr'>uembri</span> <span class='ocrx_word' id='word_1_162' title='bbox 276 2609 386 2653; x_wconf 87' lang='lat' dir='ltr'>mense</span> <span class='ocrx_word' id='word_1_163' title='bbox 409 2586 590 2672; x_wconf 89' lang='lat' dir='ltr'>poterimus</span> <span class='ocrx_word' id='word_1_164' title='bbox 613 2586 749 2652; x_wconf 85' lang='lat' dir='ltr'>efficere.</span> 
     </span>
    </p>
   </div>
   <div class='ocr_carea' id='block_1_6' title="bbox 124 2775 1137 3213">
    <p class='ocr_par' dir='ltr' id='par_1_7' title="bbox 124 2775 1137 3215">
     <span class='ocr_line' id='line_1_25' title="bbox 196 2775 1136 2851; baseline -0.005 -16"><span class='ocrx_word' id='word_1_165' title='bbox 196 2778 432 2851; x_wconf 78' lang='lat' dir='ltr'>2Yppomelides</span> <span class='ocrx_word' id='word_1_166' title='bbox 450 2779 489 2848; x_wconf 86' lang='lat' dir='ltr'>L,</span> <span class='ocrx_word' id='word_1_167' title='bbox 517 2778 697 2848; x_wconf 88' lang='lat' dir='ltr'>Ypomelides</span> <span class='ocrx_word' id='word_1_168' title='bbox 721 2778 805 2846; x_wconf 70' lang='lat' dir='ltr'>Vei,</span> <span class='ocrx_word' id='word_1_169' title='bbox 833 2776 870 2830; x_wconf 83' lang='lat' dir='ltr'>Et</span> <span class='ocrx_word' id='word_1_170' title='bbox 896 2775 1053 2846; x_wconf 85' lang='lat' dir='ltr'>pomelides</span> <span class='ocrx_word' id='word_1_171' title='bbox 1072 2777 1104 2830; x_wconf 80' lang='lat' dir='ltr'><em>F</em></span> <span class='ocrx_word' id='word_1_172' title='bbox 1132 2775 1136 2847; x_wconf 85' lang='grc' dir='ltr'>Ι</span> 
     </span>
     <span class='ocr_line' id='line_1_26' title="bbox 125 2846 1113 2919; baseline -0.007 -12"><span class='ocrx_word' id='word_1_173' title='bbox 125 2860 141 2907; x_wconf 89' lang='grc'><strong>3</strong></span> <span class='ocrx_word' id='word_1_174' title='bbox 161 2854 298 2908; x_wconf 88' lang='lat' dir='ltr'>seruntur.</span> <span class='ocrx_word' id='word_1_175' title='bbox 317 2853 470 2905; x_wconf 89' lang='lat' dir='ltr'>nascuntur</span> <span class='ocrx_word' id='word_1_176' title='bbox 484 2850 534 2919; x_wconf 78' lang='grc' dir='ltr'>ΕΙΙ</span> <span class='ocrx_word' id='word_1_177' title='bbox 549 2857 566 2903; x_wconf 86' lang='grc'>4</span> <span class='ocrx_word' id='word_1_178' title='bbox 585 2849 731 2904; x_wconf 86' lang='lat' dir='ltr'>eandiculo</span> <span class='ocrx_word' id='word_1_179' title='bbox 747 2849 823 2918; x_wconf 69' lang='lat' dir='ltr'>Qut</span> <span class='ocrx_word' id='word_1_180' title='bbox 843 2846 991 2902; x_wconf 85' lang='lat' dir='ltr'>commista</span> <span class='ocrx_word' id='word_1_181' title='bbox 1009 2850 1075 2901; x_wconf 88' lang='lat' dir='ltr'>sunt</span> <span class='ocrx_word' id='word_1_182' title='bbox 1091 2866 1113 2916; x_wconf 87' lang='lat' dir='ltr'>p</span> 
     </span>
     <span class='ocr_line' id='line_1_27' title="bbox 124 2917 1136 2992; baseline -0.006 -15"><span class='ocrx_word' id='word_1_183' title='bbox 124 2924 155 2978; x_wconf 88' lang='lat' dir='ltr'>in</span> <span class='ocrx_word' id='word_1_184' title='bbox 168 2940 237 2978; x_wconf 89' lang='lat' dir='ltr'>uase</span> <span class='ocrx_word' id='word_1_185' title='bbox 247 2941 269 2991; x_wconf 83' lang='lat' dir='ltr'>p</span> <span class='ocrx_word' id='word_1_186' title='bbox 282 2925 291 2992; x_wconf 73' lang='lat' dir='ltr'>ll</span> <span class='ocrx_word' id='word_1_187' title='bbox 306 2930 321 2977; x_wconf 89' lang='grc'><strong>6</strong></span> <span class='ocrx_word' id='word_1_188' title='bbox 336 2920 515 2992; x_wconf 85' lang='lat' dir='ltr'>ypomellidis</span> <span class='ocrx_word' id='word_1_189' title='bbox 528 2923 563 2990; x_wconf 86' lang='lat' dir='ltr'>L,</span> <span class='ocrx_word' id='word_1_190' title='bbox 577 2920 745 2990; x_wconf 88' lang='lat' dir='ltr'>ypomelidis</span> <span class='ocrx_word' id='word_1_191' title='bbox 764 2920 836 2974; x_wconf 76' lang='lat' dir='ltr'>VGa&#39;</span> <span class='ocrx_word' id='word_1_192' title='bbox 849 2921 858 2989; x_wconf 83' lang='grc' dir='ltr'>ΙΙ</span> <span class='ocrx_word' id='word_1_193' title='bbox 873 2924 888 2972; x_wconf 89' lang='grc'>8</span> <span class='ocrx_word' id='word_1_194' title='bbox 902 2917 1072 2972; x_wconf 86' lang='lat' dir='ltr'>breuissima</span> <span class='ocrx_word' id='word_1_195' title='bbox 1087 2918 1113 2972; x_wconf 80' lang='lat' dir='ltr'><strong><em>G</em></strong></span> <span class='ocrx_word' id='word_1_196' title='bbox 1132 2917 1136 2989; x_wconf 92' lang='grc' dir='ltr'>Ι</span> 
     </span>
     <span class='ocr_line' id='line_1_28' title="bbox 126 2988 1137 3064; baseline -0.007 -15"><span class='ocrx_word' id='word_1_197' title='bbox 126 2995 314 3050; x_wconf 85' lang='lat' dir='ltr'>9minuenda</span> <span class='ocrx_word' id='word_1_198' title='bbox 332 2993 391 3047; x_wconf 75' lang='lat' dir='ltr'>PG</span> <span class='ocrx_word' id='word_1_199' title='bbox 416 2994 419 3064; x_wconf 72' lang='lat' dir='ltr'>l</span> <span class='ocrx_word' id='word_1_200' title='bbox 448 2991 492 3045; x_wconf 91' lang='lat' dir='ltr'>illi</span> <span class='ocrx_word' id='word_1_201' title='bbox 511 2991 747 3061; x_wconf 77' lang='lat' dir='ltr'>PLQVSTFa&#39;,</span> <span class='ocrx_word' id='word_1_202' title='bbox 767 2989 827 3044; x_wconf 89' lang='lat' dir='ltr'>eius</span> <span class='ocrx_word' id='word_1_203' title='bbox 845 3006 922 3060; x_wconf 70' lang='lat' dir='ltr'>ocos</span> <span class='ocrx_word' id='word_1_204' title='bbox 948 2991 957 3058; x_wconf 73' lang='lat' dir='ltr'>ll</span> <span class='ocrx_word' id='word_1_205' title='bbox 986 2995 1019 3043; x_wconf 90' lang='lat'>11</span> <span class='ocrx_word' id='word_1_206' title='bbox 1040 2988 1137 3059; x_wconf 77' lang='lat' dir='ltr'>aprica</span> 
     </span>
     <span class='ocr_line' id='line_1_29' title="bbox 124 3059 1136 3145; baseline -0.006 -24"><span class='ocrx_word' id='word_1_207' title='bbox 124 3066 222 3137; x_wconf 84' lang='lat' dir='ltr'>tepida</span> <span class='ocrx_word' id='word_1_208' title='bbox 234 3066 296 3120; x_wconf 67' lang='lat' dir='ltr'>SE</span> <span class='ocrx_word' id='word_1_209' title='bbox 325 3068 335 3134; x_wconf 81' lang='grc' dir='ltr'>ΙΙ</span> <span class='ocrx_word' id='word_1_210' title='bbox 368 3070 400 3118; x_wconf 77' lang='grc'>12</span> <span class='ocrx_word' id='word_1_211' title='bbox 426 3062 549 3145; x_wconf 72' lang='lat' dir='ltr'>rigidum</span> <span class='ocrx_word' id='word_1_212' title='bbox 568 3063 685 3144; x_wconf 76' lang='lat' dir='ltr'>Siacpa</span> <span class='ocrx_word' id='word_1_213' title='bbox 715 3065 724 3131; x_wconf 75' lang='lat' dir='ltr'>ss</span> <span class='ocrx_word' id='word_1_214' title='bbox 757 3067 790 3115; x_wconf 87' lang='grc'>13</span> <span class='ocrx_word' id='word_1_215' title='bbox 815 3059 932 3115; x_wconf 86' lang='lat' dir='ltr'>minutis</span> <span class='ocrx_word' id='word_1_216' title='bbox 950 3060 1103 3130; x_wconf 73' lang='lat' dir='ltr'>SEa&#39;acpa</span> <span class='ocrx_word' id='word_1_217' title='bbox 1127 3061 1136 3131; x_wconf 71' lang='lat' dir='ltr'>ll</span> 
     </span>
     <span class='ocr_line' id='line_1_30' title="bbox 127 3131 1127 3213; baseline -0.006 -21"><span class='ocrx_word' id='word_1_218' title='bbox 127 3145 160 3192; x_wconf 73' lang='lat'>15</span> <span class='ocrx_word' id='word_1_219' title='bbox 174 3136 294 3192; x_wconf 87' lang='lat' dir='ltr'>uinaeiis</span> <span class='ocrx_word' id='word_1_220' title='bbox 308 3138 320 3191; x_wconf 79' lang='lat' dir='ltr'>i</span> <span class='ocrx_word' id='word_1_221' title='bbox 333 3138 342 3206; x_wconf 80' lang='grc' dir='ltr'>ΙΙ</span> <span class='ocrx_word' id='word_1_222' title='bbox 357 3142 389 3189; x_wconf 78' lang='grc'>17</span> <span class='ocrx_word' id='word_1_223' title='bbox 404 3134 493 3190; x_wconf 80' lang='lat' dir='ltr'>incisa</span> <span class='ocrx_word' id='word_1_224' title='bbox 504 3152 526 3204; x_wconf 82' lang='lat' dir='ltr'>p</span> <span class='ocrx_word' id='word_1_225' title='bbox 539 3137 549 3204; x_wconf 77' lang='grc' dir='ltr'>ΙΙ</span> <span class='ocrx_word' id='word_1_226' title='bbox 564 3140 596 3188; x_wconf 83' lang='grc'>13</span> <span class='ocrx_word' id='word_1_227' title='bbox 611 3133 793 3202; x_wconf 79' lang='lat' dir='ltr'>dihgenterp</span> <span class='ocrx_word' id='word_1_228' title='bbox 808 3133 813 3204; x_wconf 79' lang='grc' dir='ltr'>Ι</span> <span class='ocrx_word' id='word_1_229' title='bbox 829 3133 963 3213; x_wconf 77' lang='lat' dir='ltr'>exsucata</span> <span class='ocrx_word' id='word_1_230' title='bbox 972 3131 1061 3213; x_wconf 77' lang='lat' dir='ltr'>PLQ</span> <span class='ocrx_word' id='word_1_231' title='bbox 1070 3132 1127 3186; x_wconf 80' lang='lat' dir='ltr'>VG</span> 
     </span>
    </p>
   </div>
   <div class='ocr_carea' id='block_1_7' title="bbox 126 3205 1113 3351">
    <p class='ocr_par' dir='ltr' id='par_1_8' title="bbox 126 3205 1113 3351">
     <span class='ocr_line' id='line_1_31' title="bbox 126 3205 1113 3276; baseline -0.005 -14"><span class='ocrx_word' id='word_1_232' title='bbox 126 3212 246 3264; x_wconf 86' lang='lat' dir='ltr'>exucata</span> <span class='ocrx_word' id='word_1_233' title='bbox 263 3207 292 3276; x_wconf 80' lang='lat' dir='ltr'>S,</span> <span class='ocrx_word' id='word_1_234' title='bbox 312 3207 438 3261; x_wconf 83' lang='lat' dir='ltr'>exiccata</span> <span class='ocrx_word' id='word_1_235' title='bbox 455 3208 467 3260; x_wconf 82' lang='lat' dir='ltr'>a&#39;</span> <span class='ocrx_word' id='word_1_236' title='bbox 483 3212 486 3269; x_wconf 90' lang='grc' dir='ltr'>Ι</span> <span class='ocrx_word' id='word_1_237' title='bbox 502 3208 647 3260; x_wconf 88' lang='lat' dir='ltr'>reseruent</span> <span class='ocrx_word' id='word_1_238' title='bbox 666 3205 789 3275; x_wconf 73' lang='lat' dir='ltr'>Giacps</span> <span class='ocrx_word' id='word_1_239' title='bbox 803 3207 812 3274; x_wconf 81' lang='grc' dir='ltr'>ΙΙ</span> <span class='ocrx_word' id='word_1_240' title='bbox 827 3210 859 3257; x_wconf 87' lang='grc'>19</span> <span class='ocrx_word' id='word_1_241' title='bbox 879 3206 908 3257; x_wconf 86' lang='lat' dir='ltr'>et</span> <span class='ocrx_word' id='word_1_242' title='bbox 926 3218 1019 3272; x_wconf 87' lang='lat' dir='ltr'>smapr</span> <span class='ocrx_word' id='word_1_243' title='bbox 1038 3219 1113 3274; x_wconf 75' lang='lat' dir='ltr'>coep</span> 
     </span>
     <span class='ocr_line' id='line_1_32' title="bbox 127 3275 899 3351; baseline -0.008 -17"><span class='ocrx_word' id='word_1_244' title='bbox 127 3283 156 3334; x_wconf 89' lang='lat' dir='ltr'>et</span> <span class='ocrx_word' id='word_1_245' title='bbox 169 3297 223 3351; x_wconf 84' lang='lat' dir='ltr'>pro</span> <span class='ocrx_word' id='word_1_246' title='bbox 242 3295 277 3334; x_wconf 84' lang='lat' dir='ltr'>ex</span> <span class='ocrx_word' id='word_1_247' title='bbox 299 3279 345 3350; x_wconf 74' lang='lat' dir='ltr'>Vll</span> <span class='ocrx_word' id='word_1_248' title='bbox 360 3284 392 3333; x_wconf 77' lang='lat'>21</span> <span class='ocrx_word' id='word_1_249' title='bbox 412 3276 589 3348; x_wconf 80' lang='lat' dir='ltr'>gustabimus</span> <span class='ocrx_word' id='word_1_250' title='bbox 604 3294 626 3346; x_wconf 87' lang='lat' dir='ltr'>p</span> <span class='ocrx_word' id='word_1_251' title='bbox 644 3277 654 3348; x_wconf 71' lang='lat' dir='ltr'>ll</span> <span class='ocrx_word' id='word_1_252' title='bbox 675 3282 708 3332; x_wconf 78' lang='lat'>23</span> <span class='ocrx_word' id='word_1_253' title='bbox 729 3275 899 3343; x_wconf 85' lang='lat' dir='ltr'>conficerep</span> 
     </span>
    </p>
   </div>
   <div class='ocr_carea' id='block_1_8' title="bbox 0 0 1194 3832">
    <p class='ocr_par' dir='ltr' id='par_1_9' title="bbox 0 0 1194 3832">
     <span class='ocr_line' id='line_1_33' title="bbox 0 0 1194 3832; baseline 0 1"><span class='ocrx_word' id='word_1_254' title='bbox 0 0 1194 3832; x_wconf 95' lang='lat' dir='ltr'> </span> 
     </span>
    </p>
   </div>
  </div>
 </body>
</html>
