2378 3832
439 174 557 230 AGRIO.
571 175 611 229 III
625 182 729 229 12-13
1047 178 1089 242 83

75 319 205 405 decisis,
228 320 313 385 sicut
336 342 435 405 supra
458 320 535 404 dixi,
558 320 642 385 male
665 323 753 386 natis
777 323 927 387 omnibus
949 326 982 386 et
1000 327 1088 387 uete-

74 407 169 474 ribus
201 409 350 474 nouellos
383 412 416 474 et
447 409 643 474 fructuarios
677 431 778 475 serua.
832 433 956 496 ungues
987 411 1087 475 etiam

73 498 247 564 custodum
276 499 379 564 siccos
407 502 441 562 et
468 497 641 563 annotinos
667 500 773 565 recide
797 505 831 564 et
854 500 975 584 omnia,
1005 523 1086 584 quae

72 591 190 652 uetera
211 588 266 651 uel
290 588 405 653 scabra
422 588 570 671 reperies.
608 587 678 672 hae,
703 611 786 672 quae
806 587 904 654 altius
924 591 1086 672 coluntur,

46 680 115 743 eut
140 674 177 739 in
204 677 282 761 iugo
310 677 363 741 uel
390 676 539 762 pergula,
566 676 623 740 ubi
647 682 804 761 quattuor
826 678 963 763 pedibus
987 700 1086 762 supra

72 769 199 830 terram
230 764 357 830 leuatae
390 766 555 850 steterint,
588 769 744 849 quaterna
771 767 907 831 brachia
933 767 1085 831 habeant.

73 854 104 918 si
124 876 233 918 macra
250 855 330 919 uitis
349 853 420 937 erit,
442 854 477 918 in
495 854 632 939 singulis
651 855 793 920 brachiis
811 856 940 940 singula
954 855 1085 941 flagella
1108 858 1128 921 6

73 942 289 1028 dimittemus,
312 943 341 1007 si
360 943 501 1029 pinguis,
524 944 610 1007 bina.
649 945 703 1008 sed
722 945 969 1029 prouidendum,
990 967 1031 1009 ne
1051 946 1086 1008 in

72 1053 141 1096 una
162 1035 256 1115 parte
279 1031 346 1097 sint
368 1036 546 1117 sarmenta,
569 1054 651 1116 quae
676 1055 799 1097 seruas:
831 1034 916 1117 quod
941 1055 1014 1098 cum
1038 1034 1086 1116 fit,

32 1119 169 1205 unitio,
200 1124 368 1204 tamquam
401 1120 430 1186 si
457 1121 587 1206 fulgure
616 1125 785 1207 tangatur,
818 1123 945 1186 arescit.
991 1120 1087 1185 relin-

75 1209 205 1293 quenda
237 1214 314 1275 sunt
341 1215 506 1274 sarmenta
532 1232 636 1295 neque
665 1210 749 1275 circa
776 1212 892 1275 durum
919 1231 1024 1293 neque
1052 1210 1087 1274 in

75 1319 218 1382 summo,
246 1299 322 1384 quia
349 1299 428 1364 haec
453 1300 545 1364 uelut
568 1299 772 1384 pampinaria
795 1298 902 1363 minus
927 1298 1085 1382 adferunt,

73 1386 134 1451 illa
157 1387 256 1452 uitem
280 1387 449 1452 nimietate
472 1387 559 1452 fetus
583 1393 719 1453 onerant
743 1392 776 1452 et
798 1389 929 1472 longius
954 1388 1085 1451 ducunt.

74 1497 176 1560 quare
209 1476 244 1540 in
275 1475 382 1541 medio
413 1476 485 1541 loco
519 1478 677 1541 seruanda
706 1481 799 1561 sunt,
831 1500 913 1561 quae
946 1481 1084 1541 tuemur.

31 1592 58 1632 15
73 1566 176 1651 plaga
198 1587 264 1629 non
285 1566 379 1630 iuxta
401 1586 566 1650 gemmam
590 1566 646 1630 sed
670 1567 837 1650 aliquanto
860 1566 1007 1651 superius
1026 1566 1085 1629 fiat

73 1657 109 1718 et
137 1657 304 1719 auertatur
331 1677 350 1718 a
377 1675 507 1740 gemma
528 1659 663 1738 propter
685 1656 856 1720 lacrimam
881 1656 1085 1720 defluentem.

301 1884 361 1954 DE
385 1884 639 1991 PVTATIONE
663 1884 865 1951 ARBVSTI.

143 2006 244 2093 Vitis,
269 2030 350 2093 quae
373 2008 407 2074 in
431 2011 545 2074 arbore
569 2010 766 2074 conlocatur.
810 2011 916 2093 prima
939 2010 1007 2074 eius
1052 2009 1134 2073 XIII

73 2098 212 2162 materia
239 2099 279 2162 ad
305 2098 477 2164 secundam
499 2097 553 2162 uel
575 2099 707 2162 tertiam
731 2119 894 2183 gemmam
917 2097 1083 2180 praecida-

27 2217 56 2256 11
71 2191 137 2251 tur.
174 2186 287 2252 deinde
311 2187 461 2252 omnibus
480 2188 573 2252 annis
592 2187 714 2271 aliquid
733 2207 791 2270 per
809 2208 916 2250 ramos
937 2207 1080 2250 crescere

73 2274 212 2341 subinde
235 2275 399 2360 patiamur
417 2299 515 2340 unam
534 2277 705 2340 materiam
724 2296 850 2357 semper
869 2275 908 2338 ad
928 2295 1082 2339 cacumen

72 2363 200 2429 arboris
224 2364 411 2449 dingentes.
449 2366 504 2429 sed
525 2365 581 2448 qui
599 2364 742 2428 fructum
760 2362 877 2428 uolunt
895 2363 1082 2449 maximum,

72 2451 229 2519 materias
260 2454 369 2537 plures
401 2476 460 2538 per
490 2475 598 2517 ramos
629 2453 854 2536 summittunt,
884 2452 939 2536 qui
967 2452 1081 2518 uinum

72 2542 204 2626 melius,
231 2545 396 2607 sarmenta
422 2543 457 2606 in
481 2564 634 2608 cacumen
657 2541 842 2606 extendunt.
888 2542 1081 2607 fortioribus

27 2632 174 2701 aramis
197 2631 350 2696 arborum
373 2630 482 2716 plures
506 2629 669 2713 materiae,
693 2628 904 2695 debilioribus
929 2632 1084 2715 inponen-

72 2722 133 2785 dae
157 2723 234 2785 sunt
255 2720 433 2804 pauciores·
471 2720 608 2804 putandi
631 2723 740 2783 autem
763 2719 848 2783 ratio
866 2719 942 2783 talis
962 2724 1021 2802 est,
1045 2726 1082 2783 ut
1105 2720 1127 2784 2

70 2813 186 2874 uetera
209 2812 387 2894 sarmenta,
410 2810 528 2892 quibus
550 2809 648 2892 primi
672 2808 748 2872 anni
771 2807 896 2872 tructus
920 2808 1082 2892 pependit,

144 3036 300 3091 anouellis
318 3038 345 3091 L
361 3039 365 3105 1
382 3052 476 3090 seruas
495 3037 506 3088 1
526 3038 535 3104 11
557 3042 574 3088 4
593 3034 720 3089 inuenies
738 3035 787 3107 ΕΙ
807 3035 877 3088 haec
896 3033 1011 3103 PLQS
1017 3034 1042 3086 T
1047 3034 1081 3104 G

70 3109 140 3163 illae
159 3126 248 3189 ceps,
271 3109 364 3161 hae-
370 3108 496 3161 habeant
513 3124 563 3161 om.
579 3123 601 3174 p
623 3109 632 3177 11
655 3112 670 3159 5
691 3122 774 3175 super
783 3035 819 3160 'G
841 3108 851 3186 11
875 3105 938 3158 lin
956 3106 1019 3158 incl
1039 3122 1053 3159 s

70 3178 277 3235 8dimittimus
296 3197 386 3234 manes
405 3180 409 3250 1
430 3177 633 3258 prouidendum
653 3181 695 3232 est
713 3178 744 3231 E
767 3177 803 3247 1
795 3195 825 3229 m
843 3192 901 3229 rma
918 3178 999 3246 parte
1018 3193 1055 3256 uc

70 3259 86 3306 9
111 3267 206 3305 serues
226 3251 252 3304 L
269 3253 273 3321 1
289 3250 374 3304 t'uerit
388 3253 432 3321 1111
448 3256 480 3303 12
499 3250 568 3302 haec
586 3247 678 3302 minus
698 3248 818 3302 afferunt
834 3195 937 3301 veludp
936 3246 1082 3316 pampina-

68 3322 154 3377 riaE
166 3325 175 3391 11
190 3328 224 3375 14
238 3325 423 3391 quaetuemur
436 3338 522 3389 om.,p
537 3321 600 3374 iacl.
615 3322 650 3388 sl!
665 3317 872 3374 17PVT110NE
885 3318 919 3384 G,
933 3318 982 3371 DE
996 3318 1082 3372 PRO·

69 3341 720 3461 anTIALIB3VnOE1sPVTINDSVnro
740 3390 854 3444 uelem
874 3362 920 3459 1111
935 3395 969 3444 23
986 3389 1081 3459 plures

69 3483 155 3534 erup
181 3467 185 3534 1
211 3437 388 3519 dimittenti
410 3465 419 3533 11
442 3461 902 3592 1561111111,1111ρο111111111ἲ
922 3464 988 3531 1126
1011 3478 1081 3529 pau-

71 3537 194 3590 oloribus
213 3537 242 3589 V
247 3539 259 3605 1
271 3535 356 3590 etiam
370 3552 427 3605 pro
446 3537 497 3592 aut
498 3552 543 3592 em
562 3535 592 3593 Ε
607 3535 615 3610 1
628 3537 663 3592 ut
682 3536 738 3592 et
728 3553 828 3609 caepa

921 3624 959 3677 Q*
