2378 3832
105 130 169 194 208
525 127 694 182 PALLADII

126 327 187 393 DE
210 325 487 392 PAVIMENTIS
513 323 803 392 SOLARIORVM
825 324 883 389 ΕΤ
907 322 1091 389 LATERE.

53 451 115 518 XV
182 451 254 516 Hoc
278 452 377 515 etiam
402 471 511 515 mense
534 450 721 534 pauimenta
739 449 774 514 in
793 448 922 514 solariis
946 453 981 512 et
999 449 1165 513 laterna

104 541 260 606 faciemus
284 561 321 604 eo
341 561 444 623 more,
469 561 532 623 quo
557 540 643 603 maio
668 560 777 603 mense
801 537 968 622 descripsi.

459 769 519 833 nn
543 749 758 832 anucco

53 895 132 962 XVI
202 894 321 960 Sucum
349 895 432 958 mori
462 894 600 978 agrestis
626 893 795 976 paululum
818 892 918 958 facies
943 891 1118 958 deseruere.
1163 936 1165 942 -

106 991 184 1051 tuno
213 985 282 1050 suoi
310 984 390 1048 duas
418 986 527 1066 partes
556 986 589 1046 et
614 1004 712 1046 unam
735 981 842 1045 mellis
866 980 1064 1046 admiscebis
1088 987 1119 1045 et

106 1075 209 1139 mixta
232 1072 359 1138 curabis
383 1073 423 1136 ad
447 1070 677 1156 pinguedinem
701 1069 806 1134 mellis
830 1091 1022 1154 excoquere.

308 1337 312 1347 ·
375 1302 434 1366 DE
461 1295 714 1366 SERVANDIS
737 1298 852 1366 VVIS.

55 1428 149 1494 XVII
216 1427 320 1509 Vuas,
348 1449 427 1510 quas
456 1448 584 1490 seruare
613 1426 777 1510 uolumus,
805 1423 952 1510 legamus
981 1425 1120 1490 inlaesas

107 1539 210 1601 neque
240 1516 416 1581 acerbitate
445 1515 568 1600 rigidas
591 1536 695 1598 neque
718 1513 911 1579 maturitate
934 1514 1118 1596 refluentes

110 1607 165 1670 sed
198 1606 316 1689 quibus
345 1609 395 1669 est
423 1609 456 1668 et
483 1626 621 1689 granum
649 1605 719 1668 luce
751 1602 947 1686 penetrabili
982 1603 1119 1688 splendi-

109 1696 184 1759 dum
209 1698 241 1758 et
264 1698 372 1757 tactus
395 1715 468 1759 oum
487 1693 579 1756 molli
598 1693 799 1758 iucunditate
819 1692 971 1757 callosus.
1011 1691 1040 1756 si
1059 1713 1120 1776 qua

110 1786 186 1848 sunt
215 1786 368 1866 corrupta
396 1782 449 1868 uel
477 1783 610 1867 uitiosa,
637 1803 831 1846 resecemus:
863 1802 923 1846 neo
955 1780 1119 1864 patiamur

110 1874 277 1955 interesse,
297 1872 414 1955 quibus
434 1871 695 1955 inexpugnabilis
715 1870 876 1936 acerbitas
895 1873 1014 1934 eontra
1031 1869 1118 1933 blan·

110 1962 254 2026 dimenta
277 1961 394 2025 aestiui
418 1960 535 2025 caloris
558 1959 712 2024 induruit.
747 1963 825 2023 tunc
848 1957 969 2024 incisos
990 1959 1118 2044 botryo-

108 2073 187 2115 num
209 2055 338 2114 tenaces
363 2050 468 2114 calida
490 2048 561 2132 pice
585 2052 715 2132 oportet
739 2047 868 2112 amburi
894 2051 994 2132 atque
1018 2047 1067 2111 ita
1088 2046 1118 2110 in

109 2142 181 2205 loco
206 2139 301 2220 sicce,
324 2138 445 2222 frigido
470 2142 503 2202 et
527 2139 665 2202 obscuro
689 2135 758 2202 sinc
781 2136 914 2201 luminis
934 2137 1119 2220 inruptione

112 2229 273 2312 suspendi,

110 2456 170 2520 DE
190 2456 310 2539 VITE,
330 2454 461 2522 cvivs
481 2454 681 2522 FRVCTVS
696 2453 850 2521 VMORE
869 2453 1121 2526 PVTRESCIT.

59 2580 175 2646 XVIII
243 2579 339 2665 Vitis,
363 2581 453 2646 ouius
474 2581 599 2645 fructus
619 2602 730 2644 umore
748 2579 917 2664 putrescit,
941 2581 1119 2664 perlatore

111 2670 330 2755 pampinanda
357 2674 407 2733 est
436 2674 509 2734 ante
537 2669 738 2734 tricesimum
766 2668 950 2733 uindemiae
979 2669 1065 2733 diem
1089 2672 1119 2730 et

112 2759 181 2824 sola
204 2759 376 2833 fronsilla
395 2759 552 2822 seruanda
572 2763 629 2842 est,
653 2780 734 2842 quae
753 2757 788 2821 in
807 2757 996 2822 summitate
1016 2756 1120 2842 posita

112 2850 213 2914 solem
237 2848 374 2911 nimium
398 2847 540 2912 defendit
564 2871 583 2911 a
606 2847 738 2912 uertice.

184 2985 420 3041 1LATERIBVS
444 2984 634 3040 FACIENDIS
657 2986 680 3041 S
704 2988 713 3055 11
740 2992 756 3039 3
782 3001 815 3039 eo
839 3001 888 3040 om.
904 2985 935 3039 E
961 2988 970 3055 11
999 2987 1120 3056 epehu-

113 3059 171 3113 lum
190 3059 221 3113 E
245 3061 248 3127 1
274 3058 382 3112 deferre
401 3057 432 3111 E
452 3060 461 3126 11
485 3063 500 3111 6
520 3057 579 3111 suci
597 3056 685 3126 ipsius
705 3075 736 3125 o,
756 3056 815 3110 suci
834 3056 947 3128 [ipsius]
967 3074 1023 3140 eps
1047 3062 1051 3128 1
1077 3057 1119 3110 ad-

113 3130 207 3184 miscis
222 3131 259 3198 E,
280 3128 417 3183 admisces
435 3129 515 3184 ceteri
528 3131 537 3197 11
552 3135 566 3182 1
587 3127 798 3209 spissitudinem
813 3127 840 3195 S,
859 3126 1059 3209 pissitudrnem
1074 3129 1102 3182 E
1115 3192 1117 3221 ,

114 3199 754 3353 111111θέ11111111111111111
771 3200 833 3340 dd
843 3199 1120 3341 intubi-td

115 3343 205 3398 ditate
224 3344 316 3398 VGE
335 3346 344 3413 11
368 3349 400 3396 13
421 3345 486 3397 sunt
504 3360 553 3397 om.
569 3342 600 3396 E
624 3343 627 3412 1
653 3344 785 3410 corrupta
803 3341 849 3395 uel
868 3357 952 3410 ooap
976 3344 981 3422 1
1007 3357 1121 3396 recesse-

114 3432 176 3467 mus
193 3415 228 3482 L,
248 3430 423 3469 recensemus
445 3415 471 3469 G
493 3415 503 3484 11
526 3420 559 3468 15
577 3412 738 3466 botrionum
757 3412 836 3481 Pau
854 3418 887 3466 16
906 3412 1009 3466 ambiri
1029 3414 1098 3468 SEs
1114 3412 1122 3477 1

103 3490 142 3539 17
151 3484 229 3542 sicco
244 3503 294 3543 om.
306 3487 341 3543 E
355 3489 360 3560 1
376 3486 595 3560 incorruptione
609 3485 634 3540 L
645 3486 707 3553 1111
720 3481 920 3535 sciemnxumv
933 3480 1123 3549 &deiende-th*
