2378 3832
96 167 141 230 46
516 164 686 218 PALLADII

97 312 229 376 futurus
256 314 320 394 est,
346 310 419 375 loco
448 309 490 374 ab
518 331 630 374 umore
658 331 828 393 suspenso,
855 331 895 374 ne
917 309 1010 395 uligo
1035 332 1105 374 eun

97 399 285 466 fornacibus
303 399 412 465 uicina
425 399 603 485 refrigeret.
634 399 758 463 lumina
771 399 802 462 ei
816 398 966 463 dabimus
982 405 1103 482 aparte

99 490 277 554 meridiana
294 493 328 553 et
347 487 523 553 occidentis
541 487 679 570 hiberni,
702 490 740 550 ut
757 490 830 550 tota
847 487 900 551 die
919 488 999 553 solis
1017 487 1103 553 iuue-

54 579 76 642 2
100 584 154 642 tur
177 583 210 642 et
234 577 425 642 inlustretur
444 580 586 660 aspectu.
622 597 834 660 suspensuras
852 597 931 640 nero
951 577 1104 641 cellarum

99 668 146 731 sic
167 666 276 732 facies.
316 687 424 729 aream
446 666 552 749 primo
576 665 703 748 bipedis
727 664 858 728 sternis:
881 664 1039 729 inclinata
1060 665 1103 728 sit

97 760 208 831 tamen
227 758 369 820 stratura
387 755 428 818 ad
448 754 621 836 fornacem,
640 758 687 835 ut,
705 754 734 817 si
747 753 849 836 pilam
862 752 1001 836 miseris,
1018 754 1102 817 intro

98 849 186 908 stare
204 865 271 909 non
287 843 403 928 possit,
422 844 476 907 sed
496 844 535 907 ad
552 843 717 907 fornacem
731 845 884 905 recurrat.
909 842 957 906 sic
970 843 1101 924 eueniet,

97 937 136 997 ut
163 933 293 997 flamma
321 933 425 997 altum
451 932 590 1014 petendo
624 931 722 995 cellas
753 929 854 995 faciat
886 931 961 1014 plns
995 931 1102 995 calere.

99 1044 198 1107 supra
219 1021 304 1086 hanc
327 1025 505 1085 straturam
528 1019 612 1102 pilae
635 1018 802 1084 laterculis
827 1018 944 1104 argilla
970 1021 1101 1084 subacta

97 1115 131 1176 et
154 1110 271 1194 capillo
296 1113 500 1175 constructae
518 1109 600 1172 fiant
619 1108 777 1172 distantes
796 1130 816 1171 a
834 1128 869 1172 se
888 1108 996 1192 spatio
1014 1109 1099 1192 pedis

96 1201 193 1264 unius
221 1205 255 1263 et
282 1198 442 1282 semissis,
468 1199 554 1262 altae
581 1197 718 1280 pedibus
745 1196 831 1261 binis
855 1197 963 1262 semis.
1009 1217 1099 1280 super

95 1289 156 1354 has
178 1288 261 1371 pilas
284 1287 421 1370 bipedae
445 1287 688 1351 constituantur
710 1285 805 1350 binae
824 1286 859 1350 in
882 1286 988 1350 altum
1007 1291 1098 1369 atque

95 1378 148 1442 his
181 1376 455 1461 superfundantur
486 1379 630 1440 testacea
660 1375 849 1459 pauimenta
885 1378 919 1438 st
950 1380 1043 1458 tunc,
1073 1373 1097 1438 si

51 1469 72 1532 3
96 1466 190 1550 copia
208 1469 267 1549 est,
286 1487 449 1528 marmora
464 1464 682 1529 conlocentur.
715 1463 893 1527 miliarium
906 1485 986 1529 uero
1001 1465 1097 1548 plum·

96 1555 206 1633 beum,
230 1554 282 1618 cui
305 1574 398 1617 aerea
420 1552 532 1636 patina
555 1552 682 1635 subest,
707 1552 793 1616 inter
816 1551 975 1616 soliorum
998 1553 1105 1636 spatia

97 1642 275 1707 forinsecus
300 1645 483 1705 statuamus
506 1641 636 1705 fornace
657 1641 812 1722 subiecta,
835 1641 875 1704 ad
894 1641 982 1723 quod
1002 1642 1097 1705 milia-

95 1732 181 1794 rium
203 1730 314 1794 fistula
335 1729 505 1814 frigidaria
527 1729 689 1814 dirigatur
713 1733 747 1793 et
770 1729 896 1794 abhoc
920 1730 962 1793 ad
986 1731 1097 1794 solium

97 1819 214 1883 similis
251 1818 485 1903 magnitudinis
517 1819 630 1882 fistula
660 1819 827 1902 procedat,
860 1839 941 1901 quae
975 1822 1098 1883 tantum

95 1908 218 1974 calidas
250 1908 348 1972 ducat
379 1907 532 1990 interius,
569 1917 727 1991 quantum
763 1907 875 1971 fistula
905 1907 956 1971 illi
992 1906 1099 1993 frigidi

95 1997 232 2081 liquoris
263 1996 421 2060 intulerit.
467 1995 566 2060 cellae
595 2001 705 2059 autem
733 1996 780 2060 sic
808 1995 1037 2080 disponantur,
1067 2000 1100 2061 ut

95 2087 235 2171 quadrae
257 2107 324 2150 non
347 2085 421 2168 sint,
444 2085 500 2148 sed
523 2083 613 2148 verbi
635 2084 741 2168 gratia
765 2083 794 2148 si
813 2084 999 2168 quindecim
1017 2085 1100 2170 pedi·

95 2178 155 2241 bus
185 2175 302 2260 longae
329 2173 464 2256 fuerint,
497 2174 605 2237 decem
638 2175 725 2237 latae
754 2172 837 2237 sint:
868 2173 988 2237 fortius
1016 2175 1100 2238 enim

50 2267 73 2329 4
95 2286 198 2349 uapor
223 2263 309 2328 inter
337 2267 477 2348 angusta
503 2262 689 2327 luctabitur.
733 2263 890 2326 soliorum
912 2261 1021 2326 forma
1043 2285 1100 2347 pro

94 2353 345 2436 uniuscuiusque
368 2352 537 2417 uoluntate
558 2351 720 2415 fundetur.
757 2351 930 2435 piscinales
950 2351 1051 2415 cellae
1069 2352 1101 2414 in

96 2440 229 2505 aestiuis
262 2441 387 2505 balneis
415 2463 434 2505 a
462 2441 694 2523 septemtrione
722 2439 831 2504 lumen
859 2438 1036 2524 accipiant,
1068 2439 1101 2503 in

94 2529 290 2593 hiemalibus
309 2550 329 2591 a
346 2528 487 2593 meridie.
519 2528 547 2591 si
565 2528 637 2592 fieri
654 2532 773 2612 potest,
791 2529 840 2593 ita
859 2528 1101 2593 constituantur

94 2618 237 2699 balneae,
259 2621 297 2681 ut
321 2617 426 2681 omnis
450 2639 561 2680 earum
581 2639 639 2701 per
661 2618 777 2682 hortos
799 2618 950 2682 decurrat
970 2617 1101 2682 eluuies.

94 2727 239 2772 camerae
263 2706 297 2769 in
320 2705 444 2770 balneis
469 2705 615 2790 signinae
636 2705 790 2771 fortiores
809 2710 897 2770 sunt:
922 2727 1005 2789 quae
1023 2728 1102 2771 uero

166 2958 235 3004 lne
253 2950 284 3004 id
303 2949 381 3020 uligo
400 2949 469 3004 forn.
489 2968 519 3017 u,
543 2967 578 3004 ne
600 2951 678 3022 uligo
703 2968 765 3005 cum
783 2950 852 3003 fcrn.
875 2949 920 3003 Gc
941 2951 951 3017 ΙΙ
975 2949 1104 3020 5bispe-

94 3023 137 3076 dis
155 3023 187 3076 E
213 3023 217 3093 Ι
247 3025 355 3076 sternas
375 3021 401 3076 G
423 3024 432 3092 ΙΙ
460 3022 531 3075 tad
549 3039 599 3076 cm.
620 3023 668 3090 V1,
688 3023 752 3076 odd.
773 3021 814 3074 1⁷²
836 3023 845 3089 ΙΙ
872 3022 1049 3074 9staturam
1069 3023 1103 3090 G,

93 3097 203 3149 statura
220 3094 252 3147 E
267 3096 276 3162 ΙΙ
296 3099 326 3146 11
347 3091 420 3146 binis
440 3095 469 3146 et
487 3093 569 3146 semis
588 3094 622 3163 ill
642 3100 674 3146 12
694 3092 811 3162 bipedes
831 3092 861 3144 E
875 3091 878 3160 l
894 3092 968 3145 bene
987 3092 1019 3144 E
1032 3093 1040 3172 1
1055 3093 1103 3146 ad-

93 3182 147 3234 que
168 3165 191 3234 Q
213 3167 223 3235 ΙΙ
246 3170 278 3217 15
297 3181 361 3218 ersa
380 3164 406 3216 V
425 3166 434 3233 ΙΙ
458 3170 490 3217 16
510 3167 665 3217 statuemus
684 3182 703 3217 c
723 3166 727 3232 Ι
748 3163 785 3216 ad
803 3162 916 3231 adquod
935 3162 962 3215 L
1003 3181 1103 3217 muna-

93 3255 154 3318 rum
173 3236 204 3289 F
214 3238 270 3318 llll
290 3234 631 3305 fistula-magnitudinis
650 3251 700 3288 om.
718 3235 766 3302 ΕΙ
783 3233 961 3304 dirigatur—
988 3234 1105 3288 stulaV

92 3324 265 3458 tenuat
278 3308 667 3457 ,locassemus
680 3305 1026 3457 ,tlttfiattlu
1039 3305 1104 3448 fia.

93 3454 126 3502 28
155 3466 180 3530 ε)
207 3447 339 3518 Srgmnae
367 3448 436 3500 fiant
462 3450 509 3517 ia,
538 3447 595 3519 [si]
624 3447 758 3517 Srgmnae
786 3448 888 3519 [fiant]
916 3464 971 3517 cys
1000 3449 1004 3518 l
1033 3465 1102 3502 uero

82 3535 162 3572 otas
