2378 3832
105 145 147 210 86
523 147 692 201 PALLADII

105 297 157 357 tae
178 295 263 377 sunt,
284 291 433 376 plurimis
452 292 614 357 radicibus
633 293 736 358 totius
756 294 902 378 corporis
920 293 1136 379 fatigantur.

105 381 208 464 mergi
240 401 318 444 uero
338 385 427 464 *post
458 381 625 446 biennium
657 383 844 447 reciduntur
875 383 911 447 in
943 404 983 446 ea
1014 387 1128 466 parte,

105 491 187 553 quae
221 492 318 553 supra
350 475 414 556 est,
446 475 479 535 et
510 470 545 533 in
572 470 643 536 loco
671 471 774 536 iustas
802 472 887 536 uites
916 470 1123 555 relinquunt.

5 555 9 563 ’
105 559 175 642 sed,
197 563 235 621 ut
259 559 420 643 agricolae
444 559 610 642 adserunt,
638 565 714 643 post
736 560 903 625 biennium
928 561 957 624 si
981 560 1114 644 recidas,

103 647 293 730 plerumque
321 648 465 712 infirmas
492 647 613 713 habent
640 649 763 714 radices
793 653 825 714 et
854 649 952 714 simul
981 653 1141 734 repentes

102 737 279 819 perierunt.

411 878 471 943 DE
495 877 807 944 INSITIONIBVS.

52 1001 148 1067 XVII
216 1001 287 1068 Hoc
313 1025 422 1067 mense
445 1003 558 1068 calidis
582 1008 615 1067 et
639 1002 757 1088 apricis
780 1003 862 1069 locis
886 1005 1012 1088 optime
1037 1006 1107 1070 cele

105 1094 217 1157 bratur
239 1091 365 1172 insitio,
390 1113 481 1176 quae.
495 1093 533 1157 fit
556 1092 663 1157 tribus
688 1093 869 1177 generibus.
916 1094 974 1158 sed
998 1117 1038 1158 ex
1060 1094 1105 1157 his

64 1190 65 1194 ’
103 1184 166 1247 duo
194 1203 280 1246 nunc
311 1181 382 1245 fieri
413 1185 564 1264 possunt,
597 1182 732 1246 tertium
763 1186 950 1247 reseruatur
983 1183 1106 1247 aestati.
1117 1204 1134 1244 a

103 1275 179 1338 sunt
206 1275 316 1335 autern
344 1291 461 1355 genera
488 1270 649 1334 inserendi
676 1271 771 1348 haec,
803 1275 860 1335 aut
893 1273 953 1336 sub
988 1273 1103 1336 cortice

104 1360 218 1426 autin
241 1363 356 1423 trrmco
381 1363 437 1422 aut
460 1359 628 1442 inplastro.
665 1360 844 1424 inseremus
869 1382 948 1445 ergo
973 1360 1029 1425 sic.
1068 1383 1109 1424 ar-

105 1453 217 1515 borem
235 1448 287 1511 uel
307 1469 432 1512 ramum
450 1448 486 1511 in
503 1447 585 1529 loco,
605 1447 661 1531 qui
679 1448 801 1512 nitidus
822 1453 855 1512 et
874 1450 944 1513 sine
962 1451 1109 1514 cicatrice

103 1543 167 1620 est,
199 1558 287 1601 serra
314 1538 492 1601 recidemus
521 1557 586 1600 non
614 1537 702 1601 laeso
731 1537 861 1602 cortice.
907 1541 985 1621 post
1013 1561 1111 1602 serra·

59 1632 211 1696 2turam
242 1625 374 1710 plagam
405 1623 612 1689 ferramentis
649 1627 753 1690 acutis
790 1625 981 1691 incidamus.
1040 1628 1112 1691 inde
1124 1648 1144 1689 1⁵

104 1715 197 1799 quasi
225 1735 363 1778 cuneum
390 1718 520 1779 tenuem
547 1714 689 1778 ferreum
717 1713 769 1778 uel
797 1737 938 1799 osseum,
973 1718 1112 1780 maxime

102 1803 281 1879 leoninum,
309 1803 395 1867 inter
423 1803 577 1869 corticem
605 1808 638 1867 et
663 1803 789 1888 lignum
813 1804 919 1868 tribus
942 1826 1047 1889 prope
1072 1805 1114 1870 di·

105 1892 183 1978 gitis
208 1889 449 1956 consideranter
471 1892 677 1977 deponimus,
704 1915 744 1956 ne
771 1893 900 1957 corticis
925 1893 1029 1958 fascia
1054 1895 1115 1958 dis-

104 1983 241 2066 sipetur,
274 1985 306 2044 et
338 1980 373 2044 in
404 2003 478 2045 eum
510 1983 642 2045 modum
675 1981 832 2046 subducto
866 2003 967 2046 cuneo
999 1984 1115 2047 statim

104 2071 270 2136 surculum
293 2069 469 2153 mergimus
493 2093 557 2133 una
580 2078 673 2153 parte
697 2068 840 2134 decisum
859 2071 951 2134 salua
969 2072 1115 2136 medulla
1127 2096 1151 2134 so

103 2164 137 2224 et
160 2159 280 2225 cortice
303 2159 406 2242 partis
431 2159 578 2241 alterius,
602 2158 658 2242 qui
682 2180 780 2241 supra
804 2160 955 2223 arborem
978 2182 1038 2224 sex
1062 2161 1116 2225 uel

60 2255 80 2319 3
105 2254 178 2314 octo
203 2246 315 2333 digitis
339 2247 487 2312 emineat.
525 2247 605 2311 duos
629 2248 682 2312 uel
705 2251 772 2311 tres
796 2248 848 2312 uel
872 2248 982 2331 plures
1003 2271 1117 2315 surcu-

105 2338 156 2402 los
178 2358 238 2421 pro
257 2339 366 2401 trunci
385 2336 542 2420 qualitate
562 2337 806 2401 constituemus.
844 2337 1012 2420 quaternis
1032 2338 1117 2423 digi-

103 2425 148 2488 tis
171 2425 223 2489 uel
247 2424 385 2508 amplius
409 2427 572 2489 intereos
597 2424 741 2508 spatium
764 2425 992 2509 relinquemus.
1035 2432 1117 2492 tunc

104 2513 200 2578 iunco
225 2519 283 2578 aut
300 2514 395 2578 ulmo
407 2518 463 2577 aut
482 2514 603 2578 uimine
622 2513 820 2598 stringemus
840 2519 872 2577 et
892 2536 988 2598 super
1006 2515 1117 2581 lutum
1131 2538 1155 2579 rs

104 2624 217 2666 musco
240 2605 364 2667 tectum
386 2623 543 2687 ponemus
567 2625 603 2667 ac
627 2602 812 2687 ligabimus,
835 2608 873 2666 ut
892 2607 1051 2686 quattuor
1071 2606 1117 2669 di-

177 2792 337 2864 lpluribus
356 2794 386 2846 E
398 2796 436 2863 113
455 2792 531 2847 iusta
546 2811 579 2862 p,
599 2793 680 2847 uiuas
699 2794 729 2846 E
743 2796 747 2864 1
763 2792 997 2862 relinquunturp
1021 2797 1030 2864 11
1054 2802 1073 2848 4
1093 2795 1117 2849 si

105 2884 155 2923 ora.
170 2866 218 2937 Ε1
234 2864 337 2919 recisas
358 2864 393 2934 Q,
412 2863 512 2917 recidis
531 2866 562 2918 F
572 2867 611 2934 115
630 2865 754 2918 infirmat
771 2865 829 2919 PL
836 2865 866 2935 Q,
884 2865 1040 2919 infirmatas
1063 2867 1090 2922 G
1110 2867 1116 2940 Ι

105 2941 219 3007 repente
238 2935 321 2990 simul
340 2935 499 3005 EGr'acys
512 2938 550 3006 116
569 2939 688 3005 pereunt
706 2936 762 2990 SE
769 2937 888 3007 Ttoeps
901 2939 910 3006 11
926 2943 959 2990 10
977 2936 1039 2990 fieri
1059 2938 1116 2993 duo

104 3026 185 3063 nunc.
205 3011 270 3078 post
288 3008 319 3061 Ε
346 3009 350 3077 1
379 3009 557 3060 reseruantur
576 3007 647 3062 etati
665 3009 696 3061 Ε
720 3009 729 3077 11
758 3013 789 3060 11
809 3007 860 3061 Est
878 3012 974 3062 autem
991 3007 1117 3063 inseren-

105 3081 208 3149 dump
233 3083 237 3152 1
258 3095 362 3150 genera
379 3095 429 3133 om.
445 3078 598 3147 PLQVG
619 3082 628 3148 11
651 3085 682 3132 12
699 3094 764 3148 ergo
783 3079 835 3132 hec
853 3078 893 3133 sic
911 3080 942 3133 Ε
963 3082 972 3150 11
997 3085 1029 3132 13
1048 3079 1116 3135 niti-

105 3151 149 3204 dis
164 3153 194 3205 F
208 3154 211 3222 1
227 3150 333 3206 nitidus
352 3152 396 3204 est
414 3151 443 3202 et
457 3149 516 3202 sine
531 3149 661 3203 cicatrice
676 3152 768 3219 iacps
781 3151 791 3219 11
806 3155 839 3204 15
857 3149 1011 3204 nitidamus
1026 3152 1115 3220 Vsa,

105 3223 259 3276 nitidamus
283 3221 329 3274 uel
351 3219 537 3289 incidimusp
565 3224 573 3290 11
602 3227 635 3275 16
658 3225 771 3275 tenuem
790 3238 839 3276 om.
855 3223 907 3290 Ep
933 3224 942 3290 11
970 3227 1002 3275 17
1023 3221 1115 3276 tribus

105 3311 155 3347 om.
171 3296 197 3348 L
224 3297 233 3364 11
261 3299 294 3347 18
316 3291 525 3347 considerantes
546 3293 572 3346 6·
601 3294 604 3364 1
634 3293 729 3346 fascea
752 3292 946 3362 PLQVEF,
970 3292 1060 3346 fascia
1083 3296 1116 3348 r'rr

104 3382 205 3418 runnu
222 3365 248 3419 G
273 3368 283 3434 11
312 3370 343 3416 19
362 3363 481 3417 loeums
507 3366 516 3432 11
544 3370 578 3416 24
596 3363 780 3432 relinquimus
799 3381 836 3419 uc
861 3366 871 3434 11
898 3362 1037 3434 colungo
1061 3366 1088 3419 L
1109 3365 1113 3437 Ι

105 3435 268 3505 stringimus
291 3433 549 3504 PLQVSETFc'
569 3437 573 3506 1
594 3438 622 3488 et
637 3449 817 3505 -ponemus
836 3453 886 3490 orn.
903 3435 929 3490 G
945 3434 948 3506 1
966 3452 1051 3505 supra
1069 3455 1088 3490 a
1106 3438 1115 3507 11

98 3513 137 3559 26
149 3505 306 3575 ligavimus
323 3508 352 3563 L
