2378 3832
440 158 556 214 seruc.
570 159 717 214 vura-o
878 187 880 193 ·
1013 155 1076 220 185

74 323 161 367 anno
189 301 327 385 septimo
355 303 470 368 deficit
516 304 663 389 eligenda
691 309 740 368 est
767 300 854 365 uasti
877 299 1020 383 corporis
1044 304 1077 364 et

73 389 194 475 prolixi
221 390 351 455 uelleris
380 413 417 456 ac
440 391 636 476 mollissimi,
663 389 768 456 lanosi
793 394 826 453 et
849 388 959 474 magni
981 389 1076 453 uteri.
1103 422 1105 429 ·

75 479 131 544 sed
155 478 387 563 prouidendum
411 486 460 545 est
483 482 517 545 in
540 482 603 546 hoc
630 501 761 566 genere,
787 482 825 541 ut
851 477 963 561 pabuli
984 479 1076 542 uber-

75 572 144 632 tate
172 571 336 632 saturetur
362 573 396 633 et
422 571 519 655 longe
545 573 698 653 pascatur
725 590 744 632 a
772 566 931 645 sentibus,
961 565 1016 649 qui
1043 571 1076 630 et

50 657 185 721 slanam
211 657 360 721 minuunt
388 662 421 722 et
448 681 564 742 corpus
587 658 742 723 incidunt.
788 655 978 719 admittendi
1000 662 1077 719 sunt
1099 656 1121 720 4

76 766 186 809 mense
209 745 298 828 iulio,
320 751 358 811 ut
379 747 449 811 nati
472 751 547 812 ante
569 747 710 811 hiemem
731 745 965 811 conualesoant.
1003 744 1078 808 Ari-

76 833 212 898 stoteles
240 834 373 919 adserit,
400 836 428 900 si
456 837 616 901 masculos
644 836 753 919 plures
780 833 881 898 creari
903 832 999 915 uelis,
1025 834 1078 897 ad-

75 922 235 986 missurae
257 925 402 1007 ternpore
421 925 523 990 siccos
542 925 609 989 dies
629 928 662 988 et
680 923 818 989 halitum
837 922 1077 1004 septemtrionis

76 1008 261 1095 eligendum
284 1016 317 1074 et
340 1017 452 1077 contra
474 1036 548 1079 eum
571 1018 705 1078 uentum
728 1032 842 1096 greges
862 1031 931 1074 esse
950 1031 1078 1093 pascen-

36 1122 62 1163 1o
76 1098 150 1164 dos:
173 1099 202 1162 si
224 1098 360 1165 feminas
384 1102 530 1186 generari
551 1103 643 1185 uelis,
665 1101 768 1166 austri
787 1099 961 1183 captandos
980 1100 1077 1164 flatus

68 1192 110 1266 et
137 1187 172 1250 in
200 1208 274 1251 eum
300 1211 421 1273 pascua
447 1189 614 1275 dirigenda
640 1213 678 1255 ac
701 1191 747 1255 sic
769 1188 924 1252 ineundas
948 1192 1077 1252 matres.

76 1277 280 1340 mortuarum
311 1278 364 1342 uel
395 1279 588 1344 uitiosarum
620 1299 771 1343 numerus
804 1276 933 1342 nouella
964 1276 1078 1341 subole

76 1369 254 1448 reparetur.
290 1370 446 1432 autumno
469 1367 590 1432 debiles
614 1389 758 1452 quaeque
777 1365 883 1450 pretio
903 1369 1077 1447 mutentur,
1100 1363 1135 1439 b,

76 1474 118 1518 ne
150 1473 204 1516 eas
236 1452 403 1520 inbecillas
435 1457 607 1521 hibernum
638 1456 742 1542 frigus
774 1454 933 1519 absumat.
978 1452 1079 1538 aliqui

35 1566 63 1607 1s
77 1541 203 1605 duobus
236 1547 310 1608 anto
338 1545 503 1609 mensibus
532 1544 649 1610 arietes
679 1568 698 1610 a
728 1546 817 1611 coitu
843 1546 1011 1630 reuocant,
1042 1548 1080 1608 ut

77 1629 183 1695 facem
200 1629 344 1696 libidinis
364 1639 482 1718 augeat
501 1634 614 1721 dilatio
629 1635 815 1720 uoluptatis.
848 1633 979 1717 quidam
994 1631 1079 1698 coire

77 1718 148 1784 sine
176 1719 367 1786 discretione
397 1722 605 1807 permittunt,
636 1728 674 1789 ut
705 1725 767 1789 hoc
799 1723 846 1787 cis
879 1743 994 1807 genere
1022 1743 1081 1806 per

77 1828 197 1872 annum
220 1811 327 1874 totum
349 1809 455 1875 fetura
476 1833 543 1877 non
565 1813 657 1878 desit.

276 2038 335 2104 DE
359 2039 642 2107 EXTIRPANDO
667 2041 882 2107 GRAMINE.

35 2189 63 2227 so
144 2162 216 2228 Hoc
234 2186 352 2244 mense,
372 2187 445 2229 oum
463 2166 511 2231 sol
531 2166 638 2231 cancri
656 2166 781 2229 tenebit
794 2164 984 2248 hospitium,
1001 2162 1078 2226 luna
1103 2160 1131 2226 V

77 2254 169 2315 sexta
183 2253 217 2315 in
231 2253 411 2338 capricorni
426 2255 519 2340 signo
534 2254 642 2337 posita
658 2275 790 2338 gramen
805 2253 950 2317 ablatum
965 2249 1080 2315 Graeci

77 2339 231 2405 adserunt
257 2342 339 2406 nihil
368 2343 405 2406 de
434 2343 595 2407 radicibus
623 2341 832 2406 redditurum.
877 2342 957 2404 item
983 2339 1011 2404 si
1034 2340 1080 2403 bi-

76 2428 190 2492 dentes
214 2429 322 2514 cyprei
345 2431 426 2495 fiant
454 2436 487 2494 et
515 2431 671 2516 sanguine
698 2429 868 2516 tingantur
895 2428 1020 2494 hircino
1048 2433 1080 2492 et

76 2519 154 2601 post
181 2517 321 2583 fornacis
351 2521 481 2584 ardores
509 2542 574 2584 non
602 2542 686 2604 aqua
709 2520 764 2583 sed
788 2520 900 2583 eodem
924 2518 1080 2604 sanguine

35 2630 63 2671 25
77 2609 312 2690 temperentur,
335 2630 393 2692 per
416 2629 471 2672 eos
494 2613 621 2673 erutum
645 2605 780 2692 gramen
803 2607 958 2693 extingui.

150 2785 166 2833 3
181 2782 224 2833 est
237 2796 286 2836 om.
298 2781 353 2836 SE
364 2784 373 2851 ΙΙ
388 2788 403 2835 5
417 2781 547 2835 muniunt
561 2782 584 2852 Q
600 2783 604 2852 Ι
619 2780 748 2836 incidunt
761 2780 942 2835 custodiende
957 2781 1061 2834 suntE
1072 2779 1083 2860 ll

77 2855 94 2904 6
114 2850 281 2905 Arestotiles
302 2852 328 2906 G
349 2855 359 2923 ΙΙ
382 2858 397 2906 8
417 2856 543 2922 tempora
566 2854 608 2922 Ti
625 2851 665 2906 sic
684 2851 823 2906 custodies
843 2851 957 2922 PQVS
965 2851 1032 2918 TE,
1056 2867 1080 2903 s1

76 2921 219 2976 custodies
233 2923 260 2976 L
276 2925 280 2994 l
297 2923 396 2978 alitum
411 2925 468 2994 PQ
478 2925 509 2991 V,
529 2922 705 2992 aliquantum
719 2925 754 2992 F,
774 2922 874 2977 alitum
892 2926 1016 2992 tempore
1030 2922 1061 2975 E
1072 2921 1082 2994 Η

78 2998 95 3045 9
119 2992 280 3062 eligendum
304 2997 353 3049 est.
387 2997 416 3048 et
438 2995 469 3048 E
494 2997 503 3063 ΙΙ
531 3000 564 3047 10
593 3010 687 3048 creare
714 2994 785 3049 uelis
813 2996 842 3048 et
869 3008 1001 3064 generare
1023 2993 1054 3046 E
1076 2994 1079 3064 l

78 3063 184 3116 austeri
212 3064 268 3134 PQ
296 3066 300 3135 Ι
330 3065 529 3135 captandisunt
555 3065 638 3118 flatus
661 3066 701 3118 V·
716 3069 725 3136 ΙΙ
758 3072 789 3119 11
819 3082 851 3118 ac
879 3064 964 3118 sicine
991 3063 1081 3117 undas

77 3138 183 3188 matres
201 3138 373 3189 mortuorum
391 3137 436 3190 uel
454 3135 587 3190 uitiorum
606 3137 649 3207 Vl
667 3136 690 3189 si
704 3154 757 3206 pro
776 3137 817 3191 sic
838 3135 885 3205 Gll
900 3142 932 3188 12
951 3137 983 3188 ut
1000 3137 1080 3188 mort.

80 3206 176 3275 Ttac,
204 3207 259 3278 [ut]
282 3210 362 3262 mort.
385 3225 421 3278 ps
450 3211 454 3277 Ι
482 3208 529 3261 uel
552 3205 729 3261 initiatorum
749 3227 770 3277 p
799 3213 802 3278 l
831 3206 945 3259 nouella
968 3222 1017 3260 orn.
1034 3224 1056 3275 p
1072 3206 1082 3277 ll

79 3283 113 3331 13
133 3294 243 3347 quoque
260 3279 286 3333 G
299 3280 308 3349 Η
323 3283 355 3331 15
375 3278 468 3332 accitu
486 3277 527 3332 ire
541 3280 645 3331 uocant
659 3279 715 3333 PL
729 3281 738 3348 ll
753 3286 785 3333 16
804 3277 905 3331 faciem
919 3276 950 3328 Ε
961 3278 970 3344 ll
985 3281 1016 3329 21
1037 3292 1082 3329 ca-

79 3348 207 3418 pricorno
231 3350 272 3417 E,
300 3348 463 3418 capricorno
488 3349 514 3403 G
546 3351 551 3418 Ι
584 3348 678 3418 posita
705 3367 754 3404 oric.
774 3351 804 3402 E
831 3351 835 3416 1
864 3346 986 3417 gratiam
1009 3347 1056 3399 E¹
1073 3347 1083 3418 ll

80 3426 114 3473 22
133 3419 287 3474 rediturum
308 3420 443 3490 TEc'acp
456 3423 465 3490 ll
480 3426 512 3473 23
532 3419 698 3489 tinguantur
716 3420 867 3488 PLQVT
