2370 3832
103 149 147 212 42
522 150 691 204 smirnii

57 296 79 359 2
102 300 239 380 propter
262 299 423 379 armenta,
450 317 545 381 quae,
569 318 642 360 cum
666 301 803 378 teretur,
829 294 1019 360 inducimus.
1067 296 1111 360 sit

103 386 190 450 circa
211 385 296 449 hanc
319 384 409 448 loeus
433 384 517 448 alter
538 385 654 468 planus
678 389 711 448 et
734 406 842 468 purus,
869 385 904 447 in
927 407 1024 467 quem
1046 384 1112 449 fru-

104 477 214 538 menta
245 472 411 537 transfusa
442 473 675 558 refrigerentur
703 478 736 538 et
762 472 888 537 horreis
916 473 1111 538 inferantur:

105 584 185 645 quae
213 583 264 626 res
291 562 325 625 in
349 583 462 637 eorum
484 562 693 626 durabilitate
717 561 873 647 proficiet.
914 562 974 626 fiat
997 562 1111 628 deinde

104 651 326 734 undecumque
349 651 533 733 proximum
557 654 690 735 tectum,
713 650 852 715 maxime
871 649 906 713 in
924 651 1044 716 umidis
1063 673 1110 716 re·
1136 675 1149 716 a

104 739 269 824 gionibus,
297 741 357 804 sub
387 761 450 824 quo
477 744 613 824 propter
638 739 759 804 imbres
789 738 915 803 subitos
938 739 1112 821 frumenta,

105 828 134 891 si
162 829 338 892 necessitas
367 829 523 914 coegerit,
555 827 675 912 raptim
706 828 760 892 uel
789 827 909 891 munda
937 828 989 892 uel
1017 828 1111 894 semi-

104 916 185 980 trita
202 921 373 1001 ponantur.
406 918 450 982 sit
468 920 577 981 autem
595 918 667 982 loco
687 916 820 981 sublimi
839 920 872 980 et
885 916 1111 1002 undecumque

103 1005 274 1092 perflabili,
297 1006 394 1092 longe
417 1009 527 1070 tamen
551 1006 592 1070 ab
615 1006 730 1090 hortis,
753 1005 858 1070 uineis
882 1008 979 1089 atque
1003 1028 1113 1090 pome-

104 1094 156 1158 tis.
186 1117 263 1159 nam
281 1094 366 1161 sicut
384 1095 545 1160 radicibus
564 1095 783 1180 uirgultorum
797 1097 934 1178 prosunt
947 1093 1112 1160 laetamen
1125 1121 1149 1161 ro

104 1187 137 1247 et
155 1183 276 1270 paleae,
299 1186 347 1249 ita
365 1184 541 1249 insidentes
559 1183 729 1248 frondibus
747 1183 807 1247 has
826 1182 994 1267 perforant
1012 1188 1112 1267 atque

104 1295 193 1338 arere
218 1274 413 1358 conpellunt.

386 1501 446 1567 Du
468 1502 613 1567 APIVM
637 1501 827 1568 OASTRIS.

47 1625 209 1691 XXXVII
283 1626 412 1710 Apibus
445 1627 620 1691 stationem
651 1648 717 1691 non
749 1628 846 1712 longe
879 1649 898 1691 a
925 1626 1112 1691 domnicali-

104 1716 165 1778 bus
193 1716 246 1779 uel
272 1716 307 1778 in
335 1715 424 1778 horti
450 1719 542 1798 parte
569 1720 693 1780 secreta
716 1719 749 1780 et
772 1716 881 1800 aprica
904 1719 937 1780 et
961 1737 980 1779 a
1002 1715 1111 1781 uentis
1126 1741 1151 1783 15

104 1807 229 1868 remota
252 1809 286 1868 et
309 1802 460 1868 calidiore
484 1802 591 1868 locare
615 1804 781 1888 debemus,
810 1827 892 1888 quae
918 1805 952 1868 in
975 1805 1112 1888 quadra·

104 1898 173 1956 tam
197 1893 376 1958 constituta
399 1914 584 1957 mensuram
607 1892 694 1957 fures
718 1896 752 1957 et
775 1915 921 1959 accessus
939 1893 1112 1958 hominum

104 1982 326 2066 pecudumque
354 1980 555 2046 submoueat.
597 1982 641 2045 sit
670 1982 836 2048 abundans
859 1981 1004 2067 floribus,
1029 2003 1111 2066 quos

104 2072 155 2135 uel
184 2072 218 2135 in
245 2071 354 2136 herbis
383 2071 435 2135 uel
462 2071 496 2134 in
518 2069 691 2135 fruticibus
716 2072 766 2135 uel
790 2073 825 2136 in
848 2070 1015 2136 arboribus
1038 2093 1112 2155 pro-

60 2161 195 2226 2curst
222 2161 390 2226 industria.
435 2159 553 2225 herbas
581 2158 706 2224 nutriat
735 2160 919 2245 origanum,
951 2161 1111 2245 thymum,
1126 2186 1152 2226 so

105 2251 281 2335 serpillum,
305 2248 488 2333 satureiam,
512 2248 731 2333 melisfyllum,
755 2250 860 2313 uiolas
884 2253 1039 2333 agrestes,
1063 2271 1112 2313 as·

102 2338 250 2423 fodilum,
274 2338 493 2425 citreaginem,
516 2361 710 2422 amaracum,
732 2338 954 2422 hyacinthum,
978 2338 1033 2421 qui
1052 2338 1111 2401 iris

177 2517 190 2563 1
211 2527 384 2580 quecumque
402 2513 429 2565 L
445 2515 449 2580 1
465 2513 567 2567 teritur
588 2513 720 2583 Qiacqs,
739 2515 865 2566 terentur
879 2513 909 2565 F
920 2515 960 2583 114
978 2511 1044 2565 inde
1059 2512 1086 2565 L
1104 2511 1109 2584 1

102 2587 120 2635 5
139 2581 332 2649 undecumque
355 2584 418 2636 irtel.
434 2601 481 2653 ps,
505 2601 554 2638 om.
566 2601 588 2653 p
615 2587 624 2654 11
651 2589 667 2637 6
686 2600 736 2653 per
757 2583 868 2652 ymbres
888 2585 918 2636 E
941 2585 945 2651 1
970 2583 1113 2636 frumenta

104 2652 212 2706 subitos
236 2654 266 2707 E
291 2655 300 2722 11
329 2659 343 2706 7
367 2670 399 2707 oo
420 2653 474 2706 erit
496 2655 527 2707 E
554 2656 558 2725 1
587 2654 691 2724 raptim
717 2654 823 2708 munda
845 2673 867 2724 p
894 2657 903 2724 11
931 2661 946 2708 8
973 2653 1016 2707 Sit
1044 2670 1111 2707 area

103 2722 165 2778 loco
189 2723 234 2793 δ’,
263 2722 306 2777 Sit
328 2672 464 2778 hocloco
487 2726 522 2793 T,
545 2724 589 2778 Sit
611 2728 706 2779 autem
730 2742 795 2779 area
817 2725 878 2779 loco
898 2744 928 2792 a,
952 2724 996 2778 Sit
1015 2726 1111 2778 autem

105 2796 195 2867 [area]
213 2795 275 2849 loco
294 2797 399 2866 093119
417 2793 526 2848 fluuiali
545 2796 575 2848 Ε
586 2797 595 2864 11
611 2803 643 2849 10
661 2795 852 2866 uirguleorum
870 2797 901 2850 Ε
912 2799 921 2866 11
938 2803 967 2849 11
988 2796 1040 2850 has
1059 2814 1110 2851 om.

104 2869 207 2921 codices
225 2873 297 2936 etp,
316 2882 363 2919 eas
381 2867 460 2921 babet
477 2884 507 2934 a,
527 2867 599 2938 [eas]
618 2885 671 2938 eps
696 2870 699 2937 1
726 2871 810 2935 atque
829 2884 879 2921 om.
895 2868 925 2920 F
945 2870 954 2937 11
978 2873 1010 2921 12
1030 2883 1110 2920 arare

104 2939 206 3008 LQG,
226 2954 289 2992 aree
308 2939 344 3006 F,
368 2952 491 2991 arescere
506 2954 528 3005 p
541 2940 550 3007 11
565 2943 598 2990 14
617 2938 768 2993 stationem
786 2956 836 2992 om.
852 2939 882 2992 Ε
896 2940 903 3019 1
917 2937 1110 2992 adominicali-

104 3009 157 3062 bus
185 3010 283 3079 VTG,
312 3025 329 3062 a
357 3007 541 3062 domicalibus
569 3010 635 3078 SE,
665 3026 682 3062 a
709 3008 814 3062 domini
841 3009 958 3063 aedrbus
986 3011 1079 3080 iacqs
1101 3008 1111 3080 11

106 3086 139 3132 15
158 3081 204 3135 uel
222 3098 272 3136 om.
287 3098 340 3151 eps
354 3082 363 3150 11
377 3087 410 3134 16
430 3078 566 3133 calidiora
581 3081 607 3134 G
621 3084 630 3151 11
645 3087 677 3134 18
697 3079 734 3133 sit
752 3081 781 3132 et
795 3080 974 3150 abundansp
988 3084 997 3150 11
1012 3087 1044 3134 19
1064 3080 1111 3134 uel

105 3155 179 3215 (acte
196 3151 226 3205 in
244 3151 348 3222 herbis)
367 3169 416 3206 om.
436 3150 571 3220 SEccps
587 3155 590 3221 1
606 3150 771 3206 fructicibus
790 3151 821 3219 V,
839 3150 978 3205 fructibus
998 3152 1088 3207 SEF
1102 3151 1112 3223 11

105 3225 137 3273 21
158 3223 301 3292 serpillum
315 3241 364 3278 oro.
381 3222 437 3275 VT
450 3223 454 3292 1
470 3221 640 3291 melisfylum
654 3224 685 3290 V,
699 3220 870 3275 melisfillum
882 3223 1000 3292 QSTF,
1015 3221 1112 3276 meris-

105 3290 193 3344 fillum
213 3295 251 3359 G,
274 3292 455 3348 mellisfillum
474 3292 514 3360 E,
537 3292 747 3364 melisphyllum
769 3294 842 3360 edd,
865 3311 949 3363 coep
965 3295 968 3363 1
986 3295 1111 3363 agrestes

105 3377 154 3415 oce.
167 3381 188 3430 p
204 3366 207 3431 1
225 3365 384 3418 asfodillum
395 3363 429 3430 G,
445 3362 584 3418 asfodium
594 3367 630 3434 E,
646 3362 802 3418 affodillum
815 3366 835 3432 c',
849 3382 930 3433 coep
944 3367 953 3434 11
967 3371 1000 3417 22
1016 3364 1112 3418 citria-

98 3431 269 3557 gigffl
275 3435 423 3575 111119
429 3433 814 3577 hilthiberth·
828 3438 868 3560 ll
885 3439 1047 3489 mlum
1061 3437 1090 3489 r
1105 3435 1109 3508 ¹

407 3548 413 3574 2
