2378 3832
528 150 699 206 PALLADII

397 349 457 415 DE
483 350 598 417 OLEO
622 349 832 416 LAVRINO.

57 471 188 539 XVIIII
254 474 338 539 Item
364 475 449 540 lauri
471 476 561 540 bacis
585 475 691 541 oleum
715 473 904 541 conficietur
927 476 991 541 hoc
1014 477 1115 541 modo.

108 563 193 627 lauri
225 563 322 629 bacas
355 585 452 647 quam
483 564 639 649 plurimas
668 569 701 628 et
728 565 918 630 maturitate
947 569 1115 652 turgentes

109 651 144 715 in
172 674 256 735 aqua
284 650 388 717 calida
416 652 535 718 bullire
558 653 657 719 facies
682 657 728 737 et,
759 653 816 717 ubi
843 652 899 718 diu
928 653 1117 739 ferbuerint,

110 739 182 825 olei,
202 743 288 826 quod
303 763 342 805 ex
357 763 390 806 se
406 742 597 827 dimiserint,
611 742 852 826 supernatantis
867 742 987 807 undam
1002 744 1116 828 pennis

109 829 226 895 leuiter
248 830 439 916 cogentibus
462 831 497 895 in
519 853 599 896 uasa
622 830 838 896 transfundes.

364 1061 425 1126 DE
450 1059 563 1127 OLEO
587 1055 862 1127 LENTISOINO.

53 1183 115 1250 XX
181 1185 360 1252 Lentiscini
388 1187 488 1251 etiam
512 1186 575 1251 olei
599 1191 726 1251 matura
750 1187 910 1253 confectio
934 1190 999 1273 est,
1028 1209 1110 1272 quae

36 1278 38 1283 ⁸
105 1275 144 1339 fit
157 1276 276 1340 taliter.
304 1297 406 1361 grana
420 1280 547 1339 matura
562 1276 690 1340 lentisci
706 1276 958 1360 quamplurima
973 1276 1110 1360 colliges

105 1368 139 1429 et
164 1386 230 1429 una
257 1365 308 1429 die
337 1386 374 1429 ac
400 1369 495 1429 nocte
520 1386 618 1448 supra
640 1387 674 1430 se
697 1369 848 1430 aceruate
871 1386 941 1430 esse
964 1366 1111 1449 patieris.
1127 1385 1159 1429 rc

106 1453 219 1518 deinde
242 1456 388 1539 sportam
411 1453 521 1538 granis
542 1455 663 1518 eisdem
681 1454 812 1537 plenam
831 1454 1021 1538 cuicumque
1040 1477 1111 1520 uas-

106 1542 179 1606 culo
198 1563 395 1625 superpones
414 1546 447 1606 et
466 1542 570 1607 calida
588 1543 715 1608 adiecta
733 1543 873 1608 calcabis
893 1547 926 1607 et
940 1544 1112 1628 exprimes.

105 1634 184 1695 tunc
205 1653 245 1694 ex
267 1652 304 1695 eo
327 1653 452 1712 umore,
476 1631 531 1714 qui
555 1631 737 1711 defluxerit,
765 1636 977 1716 supernatans
1004 1633 1112 1698 oleum

105 1719 313 1784 lentiscinum
328 1720 411 1784 sicut
425 1719 588 1784 laurinum
602 1721 782 1806 colligetur.
813 1725 975 1786 memento
991 1727 1112 1805 autem,

104 1829 146 1872 ne
168 1807 276 1894 rigore
299 1809 404 1892 possit
427 1809 595 1894 adstringi,
619 1831 736 1894 aquam
760 1809 898 1874 calidam
922 1832 1018 1895 saepe
1040 1813 1114 1877 sub·
1128 1835 1149 1876 15

105 1895 250 1962 fundere.

330 2037 390 2104 DI]
414 2038 709 2106 GALLINARVM
732 2039 888 2105 PARTV.

52 2163 131 2230 XXI
198 2163 402 2230 Gallinarum
419 2168 532 2249 pertus
548 2163 779 2230 fecunditatem
792 2165 913 2250 repetit
925 2162 988 2229 hoc
1000 2187 1116 2230 mense

105 2258 182 2338 post
208 2255 388 2320 brumalem
415 2254 566 2338 quietem.
612 2258 645 2318 et
672 2254 832 2338 incipiunt
860 2254 900 2317 ad
927 2253 1114 2320 educandos

106 2342 213 2426 pullos
237 2365 300 2408 oua
322 2343 470 2449 subponi.
1135 2373 1159 2412 ω

329 2572 389 2638 DX
414 2571 659 2639 OAEDENDA
681 2571 893 2638 MATERIE.

53 2697 149 2764 XXII
215 2697 287 2763 Hoc
306 2697 404 2762 etiam
424 2719 532 2762 mense
551 2699 710 2763 caedenda
724 2697 875 2762 materies
890 2702 940 2762 est
956 2697 996 2762 ad
1010 2697 1118 2782 fabri-

107 2811 187 2873 cam,
210 2809 283 2853 cum
306 2787 383 2851 luna
405 2785 569 2872 decrescit,
592 2792 626 2851 et
648 2785 773 2852 redicae
796 2787 849 2851 uel
872 2787 938 2871 pali
962 2786 1118 2853 faciendi.

179 2942 303 2998 llaurio
321 2943 400 3013 Lllf
420 2958 454 2996 ex
471 2942 544 2996 lauri
558 2945 632 3013 pia,
652 2959 686 2997 ex
704 2944 836 3013 toclcys
856 2946 865 3013 ΙΙ
888 2942 974 2997 4diu
992 2944 1092 2999 (ΜΕ
1109 2945 1122 3018 ΙΙ

107 3014 234 3086 tpinm‘s
254 3013 354 3084 PLQ,
381 3013 483 3084 pannis
509 3014 535 3069 G
561 3017 570 3084 ll
598 3020 613 3067 7
641 3014 689 3067 DE
718 3013 811 3068 OLEO
839 3031 889 3068 om.
913 3014 939 3069 G
965 3017 975 3084 ΙΙ
1002 3019 1018 3068 8
1045 3015 1120 3070 Len·

106 3086 171 3141 tisci
191 3087 218 3142 G
233 3089 237 3157 Ι
254 3085 309 3140 olei
327 3085 413 3139 etiam
432 3086 463 3139 E
483 3087 493 3155 ΙΙ
515 3090 531 3138 9
551 3085 661 3156 colligis
680 3085 973 3155 PQLVSETGFa’
999 3088 1009 3155 ΙΙ
1034 3091 1068 3140 10
1089 3090 1121 3143 et

17 3200 20 3204 .
107 3157 138 3211 in
160 3175 217 3212 una
241 3158 280 3228 ρι’
306 3159 315 3227 Η
344 3163 375 3210 12
400 3155 563 3226 superponis
587 3158 642 3227 PQ
653 3157 838 3226 VSFGicc,
866 3173 949 3226 super
970 3156 1062 3227 pomis
1080 3160 1120 3228 L,

109 3228 241 3298 supponis
260 3229 291 3283 E
306 3232 309 3296 Ι
326 3227 457 3298 exprimis
476 3228 766 3297 PLQVSETFG,
789 3227 999 3298 et-exprimes
1023 3231 1093 3284 omi
1110 3231 1122 3303 ΙΙ

110 3304 144 3352 13
162 3299 231 3368 quid
245 3299 384 3354 effluxerit
397 3300 425 3352 P
436 3301 446 3369 ΙΙ
461 3304 494 3352 14
508 3298 634 3351 laureum
648 3298 791 3369 colligitur
803 3300 855 3423 Ep!
869 3304 902 3353 15
917 3299 1034 3354 fundere
1048 3301 1119 3371 136,

110 3370 309 3439 superfundere
325 3373 368 3441 pl!
384 3375 416 3424 19
436 3372 465 3423 et
483 3386 532 3424 om.
548 3370 578 3422 Ε
590 3372 599 3439 ΙΙ
613 3376 645 3423 21
665 3369 713 3422 DE
733 3369 827 3424 OAED
853 3370 930 3424 NIlA
942 3371 1118 3428 ΜΑΤΕΕΙΕ.

108 3440 336 3495 Hoc-faciendi
354 3459 404 3495 om.
419 3441 465 3495 Ε1
479 3443 488 3510 ΙΙ
503 3446 536 3494 22
554 3440 675 3494 materia
688 3441 719 3495 E
725 3441 735 3472 ²
751 3443 755 3510 Ι
772 3440 919 3495 adfabrica
934 3442 960 3496 G
973 3445 984 3514 l
997 3448 1031 3496 23
1049 3442 1120 3498 ridi·

111 3526 155 3565 ’ae
170 3512 313 3580 edenenas,
333 3510 445 3570 radices
467 3513 498 3586 T,
518 3511 614 3568 radice
634 3512 672 3583 F,
687 3510 802 3567 redicas
818 3511 870 3565 uel
885 3530 968 3580 orup
