2378 3832
449 78 688 165 recrevi-o
947 76 951 83 ⁴
1003 113 1065 177 157

55 257 237 342 suspendet
264 260 298 322 et
323 256 372 321 ita
398 254 529 321 admoto
552 256 685 322 uesculc
710 258 891 342 recipietur.
939 256 967 322 si
988 279 1066 323 uero

54 348 93 412 in
117 369 224 434 ‚cauae
252 345 378 411 arboris
404 365 496 432 ramo
518 344 631 430 fuerit,
659 346 848 411 acutissime
871 368 960 411 serra
982 346 1068 411 idem

58 457 171 501 ramus
195 457 294 519 supra
315 433 464 518 infraque
486 434 612 498 decisus
636 439 669 498 et
688 435 808 499 munde
826 439 917 500 ueste
936 456 1066 520 cooper-

55 531 114 593 tus
139 525 262 609 poterit
285 523 404 588 adferri
426 527 460 587 et
483 522 569 587 inter
592 522 735 588 aluearia
758 524 929 588 conlocari.
969 525 1067 590 uesti·
1091 525 1111 590 6

34 617 183 698 egantur
206 616 314 678 autem
338 633 441 693 manc,
464 615 501 676 ut
524 615 595 676 tota
618 612 685 677 dies
709 611 852 677 sufficiat
874 613 915 676 ad
934 635 1067 698 sequen-

61 703 149 767 dum.
184 723 260 766 nam
278 722 412 785 uespere
431 704 563 784 peracto
583 723 679 785 opere
699 702 739 765 ad
758 722 858 786 aquas
877 702 1067 787 plerumque

60 813 126 855 non
152 790 296 855 redeunt
341 810 421 853 uasa
449 792 575 874 sutem,
607 790 724 873 quibus
756 790 969 876 recipiuntur,
999 814 1069 876 per-

60 877 206 944 fricanda
235 882 312 943 sunt
340 878 517 963 citreagine
544 878 597 941 uel
624 878 734 944 herbis
763 879 917 945 sueuibus
941 885 973 945 et
997 902 1069 945 con·

61 967 243 1053 spargenda
265 967 370 1031 imbre
393 967 501 1031 mellis
525 967 647 1052 exigui:
671 968 756 1052 quod
780 968 807 1032 si
831 989 931 1032 uerno
954 969 1013 1034 fiat
1036 975 1069 1033 et

25 1083 49 1122 ro
61 1056 147 1122 circu
163 1055 271 1122 fontes
290 1055 434 1122 aluearia
457 1056 502 1120 sic
522 1054 626 1120 tincta
644 1062 815 1140 ponantur,
838 1056 928 1135 locis,
951 1057 1068 1141 quibus

61 1167 159 1228 apum
187 1144 371 1229 frequentia
398 1148 462 1228 est,
493 1144 735 1209 multitudinem
763 1144 825 1210 sibi
853 1149 968 1229 sponte
997 1168 1070 1210 con·

61 1233 190 1317 ducent,
212 1232 240 1298 si
260 1237 371 1298 tamen
390 1235 513 1299 seruari
532 1255 551 1296 a
569 1233 695 1298 furibus
714 1235 849 1319 possint.
886 1235 948 1300 hcc
967 1235 1068 1299 etiam
1094 1234 1112 1297 7

61 1343 185 1406 mense,
213 1322 298 1387 sicut
321 1344 433 1407 supra,
459 1322 629 1408 purganda
656 1328 732 1388 sunt
755 1323 897 1388 elueurie
919 1323 1068 1388 sordibus
1146 1317 1149 1323 ’

61 1415 93 1475 et
116 1410 253 1476 necandi
275 1410 469 1495 papiliones,
497 1411 553 1495 qui
576 1412 715 1475 maxime
740 1412 904 1476 abundant
927 1412 1069 1477 florenti·

26 1525 49 1566 u
61 1499 123 1564 bu's
137 1499 265 1581 malnis,
279 1520 360 1583 quos
374 1499 437 1564 hoc
451 1520 567 1586 genere
582 1500 833 1585 intercipiemus.
860 1522 919 1565 uas
935 1519 1069 1565 aeneum

62 1587 204 1652 miliario
223 1586 328 1653 simile
347 1588 380 1652 id
399 1593 450 1652 est
469 1588 573 1652 altum
592 1594 625 1652 et
644 1592 819 1674 angustum
838 1611 970 1674 uespere
984 1590 1070 1654 inter

61 1677 205 1741 aluearia
228 1676 432 1741 conlocemus
456 1681 489 1741 et
512 1676 547 1741 in
569 1676 668 1742 fundo
693 1676 761 1742 eius
782 1699 941 1762 ponemus
960 1679 1070 1743 lumen

62 1787 243 1830 accensum.
282 1765 361 1830 illuc
383 1764 564 1850 papiliones
589 1767 781 1832 conuenient
805 1771 838 1831 et
857 1767 942 1832 circe
960 1768 1071 1832 lumen

61 1854 249 1919 uolitabunt
278 1857 311 1918 et
343 1854 495 1940 augustia
522 1855 646 1920 uasculi
675 1855 715 1919 ab
743 1856 818 1941 igne
846 1857 994 1939 proximo
1022 1857 1068 1920 in·

25 1943 160 2008 roterire
184 1947 350 2028 cogentur.

454 2153 513 2220 DE
537 2151 681 2219 HORIS.

38 2353 42 2362 .
127 2297 235 2363 Huius
262 2297 382 2362 mensis
405 2297 617 2362 horae-horis
641 2297 761 2362 mensis
786 2297 979 2381 septembris

61 2390 243 2473 aequantur
264 2386 327 2451 hoc
349 2407 474 2472 genere.

1018 2261 1099 2327 vin

995 2348 1124 2438 (vrrn)

288 2564 380 2629 Hora
484 2564 498 2626 l
562 2565 658 2648 pedes
713 2563 860 2649 XXHII,

27 2680 50 2720 25
289 2653 370 2718 hora
466 2651 500 2716 II
562 2655 659 2738 pedes
744 2653 859 2740 XIIII,

288 2741 370 2807 hora
448 2741 499 2806 Ill
562 2744 659 2827 pedes
814 2742 844 2806 X

849 2795 858 2828 7

138 2975 152 3022 1
173 2971 267 3023 amoto
281 2969 362 3039 El3
382 2971 543 3039 coopertum
558 2971 638 3038 Ell4
657 2970 744 3024 locari
759 2988 782 3039 p
797 2972 801 3042 1
817 2970 1008 3040 Inuestigatur
1022 2970 1053 3023 E

64 3043 197 3098 dautem
215 3057 304 3108 coep
327 3043 331 3110 1
356 3042 416 3095 toto
437 3040 501 3094 GF
523 3042 527 3111 1
557 3040 602 3093 die
620 3041 678 3095 PL
686 3042 775 3096 VFG
805 3043 808 3111 1
838 3042 1047 3110 querendump

65 3117 81 3166 6
101 3128 205 3181 aquam
218 3112 312 3181 ineps
325 3116 334 3179 11
349 3117 363 3165 7
384 3129 447 3165 cum
461 3112 562 3180 quibus
573 3128 596 3179 p
608 3113 617 3181 11
632 3118 647 3166 8
667 3111 815 3183 citriagine
829 3114 884 3168 SE
898 3114 902 3184 1
919 3111 1073 3182 citreagine

64 3182 112 3236 uel
121 3200 172 3238 erc.
179 3200 202 3251 p
213 3182 217 3254 1
230 3183 439 3253 conspergenda
449 3181 638 3237 SETGFc'a
647 3200 711 3253 ops,
727 3185 886 3254 spargenda
891 3202 914 3253 p
923 3186 956 3256 119
972 3183 1072 3254 exiguo

65 3254 150 3308 melle
164 3272 186 3322 p
200 3257 208 3334 1
224 3259 256 3307 10
276 3252 300 3307 si
313 3271 368 3334 pro
386 3253 426 3307 sic
444 3256 471 3308 L
485 3256 494 3321 11
509 3258 540 3306 11
561 3253 700 3322 frequenti
718 3256 759 3308 V¹
773 3258 782 3325 11
801 3262 833 3309 12
852 3259 970 3325 possunt
988 3256 1073 3310 FEa

65 3343 119 3396 cpe
131 3328 142 3395 11
156 3331 189 3378 16
200 3327 273 3379 mter
282 3324 405 3378 m1liario
414 3326 448 3392 L,
462 3324 586 3378 miliario
596 3325 686 3379 simile
695 3325 725 3378 id
735 3329 778 3380 est
787 3344 837 3381 om.
844 3345 866 3396 p
880 3331 889 3397 11
904 3333 936 3381 18
948 3327 1020 3380 illud
1032 3328 1055 3398 Q
1067 3327 1074 3399 1

63 3401 99 3517 pp
114 3395 325 3519 didimi}
339 3398 345 3468 1
361 3395 420 3466 igni
441 3396 467 3451 G
480 3398 489 3464 11
503 3402 536 3450 22
556 3396 712 3468 septembri
725 3397 752 3453 V
762 3402 825 3468 lut
845 3400 1026 3453 concordant
1040 3398 1101 3463 pb

173 3482 188 3519 e
218 3483 268 3520 cns.
