2378 3832
100 168 162 231 aas
516 132 684 221 innam
1131 168 1134 273 3

99 317 226 398 pestem
248 313 423 377 multitudo
447 313 606 377 subducta
629 316 691 396 est,
717 313 831 396 populi
855 312 1035 378 adiectione
1048 335 1092 377 vre
1132 382 1134 387 ,

100 424 222 485 parare,
248 401 466 467 considerabis
488 402 523 464 in
546 399 618 465 aliis
642 401 881 465 abundantibus
906 423 996 466 ceras
1018 401 1091 466 saue

99 513 172 554 rum
187 495 219 554 et
234 490 466 573 extremitates,
483 511 564 574 quae
578 490 685 573 pullos
699 490 829 574 habent,
848 495 890 572 et,
904 489 963 555 ubi
977 491 1089 576 signum
1132 498 1134 581 ξ

99 579 257 644 nascituri
284 579 370 664 regis
397 578 573 660 inueneris,
601 601 674 643 aum
702 579 815 642 subole
844 600 904 643 sua
925 578 1046 645 recides
1065 581 1088 642 et
1132 586 1134 623 ²

55 669 135 732 9111
161 669 194 731 id
221 667 400 732 aluearium
426 687 535 751 pones.
581 671 631 731 est
661 671 770 731 autem
796 667 859 732 hoa
886 669 976 753 regis
1002 665 1112 731 futuris

99 757 238 841 signum.
274 756 360 821 inter
383 759 489 820 cetera
507 753 676 839 foramina,
699 777 780 839 quae
798 755 907 839 pullos
928 756 1087 836 continent,

99 868 198 910 unum
221 845 326 909 maius
350 867 386 909 aa
409 843 539 929 longius
562 843 653 908 uelut
674 845 753 908 uber
772 845 916 928 adparet.
953 846 1086 910 sedtum

99 933 315 998 transferendi
330 937 415 1016 sunt,
434 933 561 1016 quando
581 933 682 996 erosis
702 934 902 1016 cooperculis
919 935 960 998 ad
973 954 1086 999 nascen-

98 1023 175 1086 dum
193 1023 314 1086 maturi
333 1022 441 1105 capita
458 1022 608 1085 nituntur
626 1042 767 1086 exerere:
784 1044 862 1086 nam
880 1021 909 1086 si
922 1021 1085 1086 inmaturus

99 1111 314 1188 transtuleris,
337 1109 526 1174 interibunt.
570 1109 599 1173 si
621 1113 731 1174 autem
753 1131 787 1174 se
811 1111 959 1175 subitum
980 1109 1086 1175 leuabit
1095 1128 1113 1168 11

99 1222 242 1283 examen,
265 1199 404 1283 strepitu
427 1198 510 1262 aeris
529 1201 690 1262 terreatur
708 1202 765 1264 aut
783 1199 931 1263 testulae.
967 1197 1086 1264 tunead

99 1288 276 1352 aluearium
304 1287 406 1351 rediet
434 1291 490 1351 aut
513 1287 548 1350 in
569 1287 717 1372 proxima
739 1287 852 1352 fronde
875 1287 1039 1372 pendebit:
1062 1287 1086 1350 et

98 1377 172 1440 inde
195 1377 230 1440 in
251 1399 371 1440 nouum
395 1398 454 1440 uas
477 1375 587 1440 herbis
609 1373 770 1440 consuetis
789 1380 823 1440 et
840 1377 937 1441 melle
956 1396 1087 1460 consper-

100 1487 171 1529 sum
195 1487 292 1528 manu
316 1465 507 1529 adtrahatur
530 1468 587 1528 aut
609 1464 709 1528 trulla
736 1468 783 1546 et,
810 1487 884 1529 eum
911 1465 947 1530 in
969 1487 1006 1530 eo
1029 1464 1085 1529 loeo

99 1553 309 1638 requieuerit,
330 1574 464 1637 uespere
488 1553 573 1617 inter
596 1552 660 1616 alia
683 1553 877 1619 conlocetur.
1097 1569 1115 1609 1⁵

278 1781 338 1846 DE
362 1781 634 1848 PAVIMENTIS
657 1781 715 1846 ΕΤ
737 1782 923 1848 LATERIJ.

45 1905 129 1971 VIII
196 1905 268 1971 Hoc
296 1907 395 1971 etiam
422 1929 531 1973 mense
555 1908 743 1990 pauimenta
764 1907 920 1972 faciemus
945 1910 1004 1973 sub
1026 1907 1088 1972 dius

100 2000 133 2060 et
155 1996 273 2060 lateres
297 2018 399 2080 more,
423 2019 486 2080 quo
510 1996 584 2061 dixi.

188 2207 413 2284 QVALITER
435 2207 679 2273 FRVGTVVM
701 2206 1013 2274 VENTVRORVM

302 2313 623 2379 EXPERIMENTA
648 2312 901 2379 SVMANTVR.
1102 2335 1121 2374 11

44 2435 144 2500 VHH
212 2437 327 2502 Graeci
350 2440 503 2503 adserunt
520 2437 702 2524 Aegyptios
720 2439 782 2503 hoa
801 2461 890 2504 more
908 2444 1092 2523 prouentum

99 2524 201 2589 futuri
225 2526 378 2611 cuiusque
402 2528 534 2592 seminis
558 2528 703 2611 experiri.
743 2550 851 2592 aream
874 2529 1008 2593 breuem
1030 2529 1093 2592 loeo

100 2614 235 2678 subacto
259 2620 291 2678 et
314 2616 423 2680 umido
446 2639 532 2681 uuna
555 2616 706 2681 excolunt
729 2620 761 2680 et
780 2616 818 2680 in
840 2638 878 2680 ea
899 2616 1013 2682 diuisis
1032 2637 1094 2701 spa·

99 2701 155 2766 tiis
179 2702 288 2768 omnia
310 2703 464 2768 frumenti
488 2705 540 2769 uel
562 2705 762 2790 leguminum
786 2705 910 2768 semina
933 2708 1093 2792 spargunt.

100 2791 211 2856 deinde
235 2791 270 2854 in
293 2796 365 2857 ortu
391 2793 567 2878 caniculae,
595 2793 649 2876 qui
678 2794 762 2877 apud
783 2792 949 2858 Romanos
974 2799 1125 2878 quarto-as

170 2953 183 3000 1
212 2949 322 3016 partem
344 2965 397 3016 pro
424 2951 531 3017 pestem
555 2949 581 3004 G
605 2950 609 3021 Ι
635 2948 745 3004 adiecto
772 2965 808 3003 ne
834 2953 947 3019 reparet
970 2952 1000 3005 E
1028 2955 1032 3021 Ι
1060 2967 1096 3004 re·

97 3034 194 3087 parere
213 3018 240 3071 V
263 3019 272 3086 ΙΙ
299 3026 316 3072 4
341 3018 396 3072 erit
409 3036 462 3087 pro
479 3019 656 3090 inuenerisp
682 3023 692 3090 ΙΙ
719 3019 783 3074 sid
801 3037 851 3075 om.
867 3022 897 3075 Ε
920 3023 924 3092 Ι
950 3039 1032 3092 reges
1049 3022 1095 3091 L:

98 3089 184 3144 futuri
202 3088 276 3158 regis
294 3091 386 3160 iacps
412 3093 420 3158 ΙΙ
448 3096 463 3143 7
488 3094 517 3144 et
534 3091 645 3161 longius
665 3092 696 3145 E
720 3095 724 3162 Ι
750 3094 867 3160 apareat
884 3093 916 3146 E
940 3095 950 3163 i
978 3097 1098 3148 straus·

98 3160 213 3215 ferenda
231 3161 261 3213 E
275 3164 279 3228 Ι
295 3160 381 3215 erosis
400 3177 449 3214 om.
464 3161 512 3233 Et
529 3162 665 3231 operculis
684 3163 715 3231 V,
737 3162 889 3232 coperculis
908 3163 939 3217 F
959 3167 969 3234 ΙΙ
992 3170 1008 3218 9
1027 3181 1099 3218 exsr-

98 3248 159 3286 eere
184 3232 242 3300 QE
270 3233 273 3301 t
302 3248 368 3284 nam
395 3248 444 3286 om.
467 3232 492 3286 d
521 3233 525 3304 1
554 3232 612 3286 iam
637 3237 763 3288 maturos
787 3235 814 3289 G
839 3236 848 3304 ΙΙ
876 3239 909 3287 10
938 3234 1034 3290 subito
1053 3234 1100 3305 Vss

99 3306 130 3354 11
146 3302 239 3356 sonitu
248 3320 271 3372 p
284 3305 293 3372 ss
308 3308 340 3355 12
356 3301 493 3356 albariam
507 3305 552 3373 ΡΙ
568 3304 672 3359 redibit
690 3307 782 3376 ineps
795 3308 804 3375 ΙΙ
819 3310 851 3358 13
866 3321 1016 3374 conspersa
1034 3305 1098 3372 GE,

98 3373 304 3442 conspersinis,
328 3389 474 3443 consperso
498 3375 696 3446 PLQSTFp
722 3379 726 3446 Ι
754 3383 788 3429 14
806 3392 891 3429 manu
909 3393 999 3447 emp
1024 3378 1028 3449 Ι
1054 3379 1099 3430 aut

97 3442 182 3496 trulla
199 3461 248 3498 om,
259 3461 284 3514 p
294 3446 305 3515 Η
320 3450 353 3498 16
371 3443 491 3498 LETER
506 3445 601 3517 61119
619 3446 692 3500 ERV
737 3447 793 3500 VM
812 3446 904 3514 ρ1122
923 3447 1037 3502 uenturi
1051 3446 1095 3517 El

80 3511 114 3564 in
130 3512 196 3568 loeo
214 3516 252 3586 E,
272 3515 332 3573 Ieui
347 3521 395 3592 pss
410 3524 446 3574 24
463 3516 614 3591 legumina
628 3515 934 3581 111111111111111211
950 3533 1025 3580 uuas
1039 3519 1065 3569 01
