2378 3832
97 185 161 250 140
513 183 683 238 PALLADII

95 329 202 395 forma
220 329 390 412 altissima,
409 330 554 413 corporis
573 330 673 415 longi,
691 329 776 394 uteri
793 328 922 413 capacis
936 333 970 393 et
983 329 1083 414 magni,

96 419 164 483 alta
186 418 302 503 fronte,
326 417 428 483 oculis
451 419 554 503 nigris
573 422 607 483 et
625 418 813 503 grandibus,
834 417 981 501 pulchris
999 417 1083 482 corni·

95 509 157 571 bus
190 510 223 570 et
249 508 421 591 praecipue
449 507 567 591 nigris,
599 529 675 571 aure
704 511 824 591 setosa,
856 507 1038 591 palearibus
1060 511 1083 569 et

96 595 206 660 caudis
234 595 397 677 maximis,
425 594 557 680 ungulis
584 596 739 660 breuibus
767 599 800 659 et
827 594 977 660 cruribus
998 595 1083 681 nigris

96 689 129 748 et
152 684 275 768 paruis,
299 685 416 749 aetatis
441 683 580 748 maxime
603 684 734 767 trimae,
762 683 839 767 quia
863 705 967 768 usque
989 685 1028 749 ad
1047 683 1084 747 dc
1098 705 1110 747 a

96 773 245 837 cennium
264 772 370 836 fetura
389 794 427 836 cx
446 773 498 837 his
517 774 670 856 procedet
688 773 810 837 utilior.
845 794 905 838 nec
926 776 1000 837 ante
1018 775 1084 837 aeta·

52 863 72 927 6
95 865 163 925 tem
186 861 318 925 trimam
342 866 454 926 tauros
477 861 529 925 his
554 865 684 945 oportet
706 859 844 925 admitti.
882 861 939 925 sed
958 863 1019 925 erit
1037 865 1085 926 stu·

97 950 185 1014 dium
218 950 384 1034 diligentis
417 951 536 1014 amotis
570 950 751 1014 senioribus
783 950 931 1015 nouellas
968 950 1085 1015 subinde

96 1039 273 1103 conducere
306 1043 339 1102 et
372 1038 499 1103 steriles
533 1044 642 1103 aratro
676 1061 712 1103 ac
744 1038 911 1103 laboribus
940 1039 1086 1123 deputare.

96 1125 211 1192 Graeci
231 1128 392 1211 adserunt,
417 1128 445 1191 si
464 1149 569 1191 mares
589 1149 697 1192 creare
716 1126 807 1206 uelis,
828 1127 999 1192 sinistrum
1017 1126 1122 1193 tauriu'

95 1217 130 1280 in
149 1218 238 1281 coitu
255 1215 424 1300 ligandum
438 1238 508 1281 esse
524 1215 720 1294 testiculum,
739 1214 767 1280 si
781 1215 928 1298 feminas,
942 1217 1088 1281 dextrum:

95 1309 204 1369 tamen
223 1310 346 1370 ‘tauros
370 1305 425 1370 diu
448 1309 522 1369 ante
547 1305 771 1385 abstinendos,
797 1308 849 1389 ut,
877 1326 952 1370 cum
975 1310 1089 1390 tempus

53 1396 70 1460 7
96 1398 160 1479 est,
187 1394 292 1458 acrius
320 1393 354 1458 in
382 1416 495 1460 causas
523 1393 616 1458 dilati
641 1393 779 1458 feruoris
803 1394 1005 1459 incumbant.
1048 1393 1090 1458 sed

95 1482 146 1546 his
176 1482 330 1546 armentis
358 1482 464 1547 hieme
491 1482 655 1546 maritima
677 1485 711 1546 et
734 1482 844 1567 aprica
865 1481 951 1565 loca,
980 1486 1090 1548 aestate

97 1591 198 1653 opaca
229 1592 380 1655 paremus
413 1594 450 1636 ac
482 1570 620 1655 frigida,
649 1575 805 1635 montana
837 1571 995 1655 maxime,
1030 1571 1118 1657 quiae

95 1658 211 1722 melius
235 1659 385 1723 frutectis
410 1659 512 1724 ethis
531 1659 632 1724 herba
649 1660 888 1724 internascente
907 1665 1092 1726 saturentur.

97 1746 245 1829 quamuis
261 1746 346 1812 circa
360 1748 477 1812 fluuios
493 1754 579 1813 reete
593 1752 727 1832 propter
740 1747 813 1812 loca
826 1770 963 1813 amoena
972 1771 1095 1834 pascan-

96 1839 164 1915 tur,
190 1835 297 1899 fetura
320 1839 430 1900 tamen
453 1837 544 1919 aquis
569 1836 782 1920 tepidioribus
807 1835 995 1920 adiuuatur,
1023 1837 1094 1904 unde

97 1923 201 2009 magis
229 1923 342 1989 utilius
370 1925 545 2006 habentur,
576 1926 634 1989 ubi
665 1925 817 2009 pluuialis
845 1948 930 2010 aqua
957 1931 1095 2011 tepentes

52 2012 217 2079 8format
248 2013 389 2078 lacunas.
435 2015 555 2078 tolerat
586 2018 696 2078 tamen
727 2013 831 2098 frigus
864 2014 927 2079 hoc
964 2015 1123 2081 armentia

95 2123 197 2187 genus
230 2107 263 2166 et
294 2106 403 2186 potest
435 2103 530 2167 facile
562 2101 734 2166 hibernare
766 2103 827 2167 sub
859 2103 949 2168 diuo:
987 2106 1095 2189 quibus

94 2195 206 2256 tamen
233 2196 325 2275 septa
352 2192 423 2256 fieri
451 2195 586 2277 propter
612 2190 765 2255 iniuriam
793 2192 1006 2276 grauidamm
1034 2215 1096 2258 con·

94 2279 185 2344 uenit
203 2280 336 2345 laxiora.
372 2280 502 2345 stabula
520 2301 597 2344 uero
616 2279 712 2343 utilia
730 2283 806 2344 sunt
826 2284 932 2354 strata
950 2303 1031 2348 saxo
1049 2285 1097 2347 aut

95 2368 214 2452 glareis
238 2374 295 2433 aut
319 2370 456 2455 harenis,
480 2371 600 2433 deuexa
623 2366 837 2451 aliquatenus,
860 2373 898 2434 ut
919 2392 1017 2436 umor
1034 2391 1097 2456 pos·

96 2455 139 2518 sit
163 2456 258 2540 elabi,
279 2459 367 2541 parti
390 2457 585 2522 meridianae
610 2458 749 2522 obuersa
767 2462 901 2542 propter
920 2459 1021 2524 flatus
1039 2460 1125 2546 glo-u

95 2542 207 2627 ciales,
230 2546 347 2628 quibus
371 2547 489 2630 aliquis
512 2546 664 2610 resistere
688 2546 784 2610 debet
807 2545 963 2612 obiectus.

166 2770 259 2824 luim
273 2788 326 2841 pro
344 2771 416 2825 uteri
431 2773 480 2842 ΕΙ
497 2771 576 2842 longi
585 2788 638 2842 pro
652 2772 748 2843 magni
758 2777 833 2842 pila
852 2773 996 2844 latasll4
1014 2774 1096 2857 nigris

94 2844 123 2895 et
141 2844 239 2911 umal!
255 2848 270 2895 5
289 2842 427 2896 decimum
445 2844 509 2913 illd
528 2844 620 2898 fetura
636 2861 685 2898 om.
701 2845 732 2897 E
746 2845 750 2916 Ι
766 2845 1030 2913 proceditLVGS
1038 2853 1058 2918 (1
1070 2848 1098 2899 iu

93 2912 245 2983 raswru)F
268 2916 277 2984 ΙΙ
305 2913 486 2985 ‘ItrinamQ
544 2915 665 2983 debetp
691 2917 700 2984 {l
727 2913 866 2969 8uetulis
886 2916 989 2970 amotis
1004 2935 1035 2987 p,
1055 2917 1097 2970 ab·

93 2983 206 3038 motisa'
232 2987 242 3055 ΙΙ
269 2991 284 3038 9
308 2988 337 3039 et
355 3002 409 3054 pro
432 3001 464 3038 ac
538 2988 547 3055 ΙΙ
576 2991 607 3039 11
632 2985 662 3038 in
685 3003 770 3040 cornu
789 2987 820 3040 Ε
844 2988 853 3056 ΙΙ
882 2992 914 3040 1a
934 2990 1050 3043 taumen
1070 2987 1097 3057 Q,

93 3054 164 3109 Tum
183 3056 213 3108 E
229 3057 238 3125 ΙΙ
262 3062 295 3109 14
314 3058 404 3110 estate
422 3072 489 3109 uero
508 3057 538 3109 Ε
554 3059 563 3125 ΙΙ
588 3062 620 3110 15
640 3059 669 3109 et
682 3074 736 3125 pro
755 3074 787 3110 ac
807 3058 837 3111 E
852 3060 861 3127 ΙΙ
886 3064 918 3111 16
939 3062 1099 3114 saturantur

92 3125 244 3197 SEc'ucps
275 3129 284 3197 Η
317 3133 349 3180 17
378 3143 495 3180 amoena
522 3126 585 3181 loca
612 3129 704 3198 lueys
735 3131 744 3197 ΙΙ
776 3135 809 3183 18
838 3128 1013 3184 adiuuantur
1041 3131 1070 3184 Ε
1090 3128 1099 3200 l

94 3202 128 3249 20
146 3197 252 3251 Tamen
270 3197 373 3252 tolerat
393 3198 419 3252 G
445 3202 454 3267 ΙΙ
482 3204 513 3251 21
536 3197 582 3253 dio
601 3216 677 3270 ucpa
703 3202 712 3268 ΙΙ
740 3205 773 3252 23
797 3202 864 3253 sunt
882 3217 932 3254 om.
949 3204 1009 3326 pap
1036 3215 1098 3255 saxo

94 3271 144 3321 aut
162 3285 210 3323 om.
227 3287 249 3338 p
266 3271 275 3338 Η
295 3275 328 3322 24
347 3269 483 3338 glarearis
502 3269 548 3339 L!
570 3269 672 3324 diuexa
691 3271 740 3340 (3ss
754 3275 787 3324 25
805 3273 885 3341 parte
904 3272 930 3323 V
945 3275 978 3344 ts
1010 3276 1055 3327 tus
1074 3270 1100 3324 Ε
