2378 3832
116 141 183 196 VIII
282 149 289 161 ⁸
522 139 728 194 PRAEFATIO

117 292 346 370 everscpegina
359 290 426 350 folii
440 291 653 368 septuagesimi
666 290 755 366 primi
775 291 815 350 sic
829 290 949 367 incipit:
972 290 1049 348 DII}
1058 290 1129 349 TA.

116 381 223 442 Ratio
257 379 521 441 observationis
545 381 613 457 etc,
645 382 749 454 postea
778 380 891 456 legitur
919 380 1128 457 fragmentum

117 469 398 532 commentariorum
421 467 564 528 Caesaris.
609 468 657 526 hic
681 488 800 544 quoque
824 468 915 528 codex
937 468 1028 527 habet
1051 488 1072 527 u
1096 471 1129 528 et

117 562 253 622 clausum
272 561 302 616 et
320 560 465 636 apertum,
489 563 500 616 t
517 576 741 633 nonnumquam
760 557 943 635 subversum,
966 576 987 615 11
1005 557 1131 634 saepius

116 647 242 725 capitali
273 647 370 706 forma
402 647 533 723 aliaque,
571 665 648 722 qnae
685 646 849 722 scripturae
881 646 1130 724 Merovingienac

116 736 238 815 propria
261 738 340 794 sunt.
375 755 472 811 neque
494 735 527 793 in
550 753 584 793 eo
607 735 706 794 codice
730 734 839 793 absunt
862 735 938 793 tales
960 735 1026 812 1001,
1051 754 1129 811 qua·

116 829 159 887 les
188 844 257 884 eum
283 824 399 883 alibro
422 824 519 884 verbis
548 823 767 883 continentibus
796 823 905 899 scripto
934 825 1034 883 ortum
1062 842 1129 884 esse

116 914 334 976 demonstrant:
371 913 424 989 qui
456 933 525 972 cunr
561 913 716 989 aliquanto
748 913 903 988 pauciores
937 912 997 971 sint
1028 931 1129 989 neque

116 1004 214 1065 multe
237 1003 343 1061 menda
365 1002 517 1079 legantur,
544 1001 685 1061 librarius
707 1002 797 1061 huius
821 1001 928 1061 codicis
951 1001 1130 1079 diligentior

116 1096 148 1154 et
178 1091 222 1151 rei
253 1091 475 1169 intellegentior
506 1091 598 1150 fuisse
630 1091 750 1150 videtur
782 1108 874 1167 quam
905 1090 1126 1150 Laudunensis,

116 1185 208 1259 atque
237 1181 286 1238 hic
312 1180 466 1238 Parisinus
497 1199 565 1238 cum
593 1179 646 1238 1110
674 1179 867 1238 Laudunensi
896 1180 941 1237 ita
968 1180 1128 1258 consentit,

117 1275 152 1331 ut
176 1269 308 1328 dubitari
330 1288 390 1328 non
412 1268 517 1346 possit,
541 1268 614 1344 quin
637 1288 673 1327 ex
695 1269 797 1328 eodem
820 1269 901 1327 fonte
924 1268 1051 1327 fluxerit.

184 1357 302 1417 Tertius
321 1360 366 1416 est
390 1357 480 1417 codex
499 1358 523 1432 Q
541 1358 559 1416 i.
580 1377 604 1415 e.
622 1357 777 1415 Parisinus
798 1358 919 1417 68301)
939 1357 1128 1416 membrana·

115 1466 194 1525 cene,
213 1465 305 1505 manu
324 1445 460 1523 scriptus
476 1446 547 1506 011111
561 1446 723 1523 Puteanus²
739 1446 851 1504 saeculi
864 1446 899 1523 Χ,
914 1445 1056 1505 foliorum
1072 1448 1125 1525 60,

116 1554 257 1597 versuum
272 1536 323 1612 31,
346 1535 459 1593 formae
478 1555 571 1611 paene
587 1536 759 1611 quadratae,
784 1554 872 1610 quern
886 1534 1009 1593 Parisiis
1024 1554 1128 1595 mense

116 1626 245 1704 augusto
269 1622 340 1681 anni
361 1624 445 1682 1874
468 1624 590 1682 contuli.
620 1624 826 1682 desiderantur
844 1626 946 1682 autem
964 1623 1037 1683 noni
1054 1623 1128 1682 libri

115 1715 195 1792 finis,
224 1712 367 1788 decimus,
395 1712 568 1772 undecimus
596 1712 822 1788 duodecimique
849 1731 919 1788 pars
941 1731 1064 1790 magna,
1090 1733 1129 1772 cx

116 1823 176 1881 quo
199 1802 246 1877 fit,
274 1803 310 1860 ut
337 1818 442 1861 aversa
468 1800 580 1878 pagine
607 1802 672 1860 folii
696 1801 938 1878 quinquagesimi
965 1801 1041 1861 sexti
1062 1803 1127 1861 ter·

32 1924 36 1930 ·
114 1893 247 1952 minetur
267 1891 314 1948 his
336 1889 447 1950 verbis:
477 1909 593 1949 aerem
622 1909 768 1968 surgere
797 1889 932 1949 videris
957 1883 1001 1971 (9,
1025 1892 1054 1967 8,
1080 1883 1127 1972 1),

117 1978 399 2059 quinquagesimum
414 1979 575 2054 septimum
588 1978 629 2038 sit
641 1998 779 2057 vacuum,
803 1978 1123 2056 duodesexagesimum

115 2072 157 2130 sio
179 2067 317 2143 incipiat:
344 2068 482 2126 inulam
509 2068 638 2126 siccam
663 2060 732 2148 (12,
762 2071 816 2145 18,
842 2058 885 2147 1).
930 2068 978 2127 hic
1002 2088 1126 2145 quoque

114 2159 190 2218 liber
211 2176 304 2216 mann
322 2156 451 2232 scriptus
469 2175 571 2215 umore
591 2156 717 2232 carptim
736 2158 781 2215 est
799 2156 933 2217 vitiatus.
971 2177 1007 2216 ex
1023 2175 1123 2218 vacuo

115 2251 217 2306 eutem
241 2245 312 2305 folio
331 2245 580 2323 quinquagesimo
604 2245 730 2321 septimo
750 2244 879 2304 efficitur
896 2246 984 2305 illum
1001 2245 1124 2326 librum,

114 2356 150 2396 ex
173 2355 232 2411 quo
255 2335 303 2393 1110
326 2335 491 2410 exscriptus
514 2337 571 2413 est,
598 2334 691 2394 fuisse
718 2333 861 2392 mutilum
887 2334 999 2410 ipsum:
1028 2337 1124 2411 atque

114 2425 146 2483 in
169 2443 203 2482 eo
226 2422 316 2481 verba
338 2422 522 2481 continentie
548 2423 641 2483 fixisse
666 2422 770 2482 multis
793 2423 866 2482 locis
889 2424 1042 2499 probatur.
1088 2425 1123 2482 in

113 2511 260 2589 principio
284 2513 386 2569 eutem
412 2511 501 2569 huius
523 2511 653 2571 Parisini
677 2512 785 2572 codicis
814 2512 943 2572 secunda
971 2512 1122 2588 quaedem

113 2619 221 2660 manus
243 2617 407 2675 perpaucos
429 2600 510 2659 locos
529 2601 706 2662 emendavit.
743 2621 778 2661 ac
797 2621 980 2678 quemquam
999 2621 1019 2660 0
1037 2621 1125 2677 aper-

114 2692 192 2766 tum,
223 2687 443 2766 tsubrersnm,
473 2707 494 2746 a
521 2689 650 2764 capitale
679 2692 779 2749 textus
808 2710 868 2750 non
898 2690 960 2748 iam
989 2693 1060 2750 sunt
1089 2691 1125 2750 in

113 2797 180 2856 usu,
199 2780 301 2836 tamen
319 2777 445 2836 dubium
462 2797 522 2836 non
541 2797 602 2838 esse
620 2779 747 2857 videtur,
772 2779 845 2855 quin
864 2799 899 2838 ex
918 2779 1021 2838 codem
1039 2780 1125 2839 fonte

114 2866 319 2926 emanaverint
349 2866 398 2925 hic
428 2867 519 2926 codex
548 2869 578 2925 et
606 2866 813 2926 Laudunensis
846 2870 877 2926 et
903 2867 929 2926 is
959 2867 1127 2939 Parisinus,

114 2976 204 3032 quem
225 2955 322 3030 primo
345 2956 409 3015 loco
433 2955 582 3030 descripsi.

181 3044 309 3104 Secundi
332 3044 446 3122 genens
466 3047 537 3104 sunt
556 3045 583 3103 ei
601 3045 724 3122 codices,
748 3045 800 3120 qui
821 3045 994 3104 continuam
1011 3045 1128 3105 habent

113 3153 237 3192 manum
255 3133 415 3193 secundam
434 3135 485 3193 sed
503 3134 691 3211 gravioribus
705 3135 815 3192 vacant
831 3133 1127 3210 interpolationibus,

120 3247 123 3251 ’
180 3222 247 3281 Huc
268 3222 399 3297 pertinet
429 3221 494 3280 Vi.
521 3242 545 3282 e.
564 3221 802 3282 Vindobonensis
827 3225 904 3300 148,
928 3243 1018 3299 quem
1040 3222 1125 3282 End·

112 3309 241 3368 licherus
260 3311 292 3368 in
306 3309 450 3388 catalogo
465 3329 519 3370 suo
539 3311 593 3369 sub
612 3330 734 3370 numero
750 3309 878 3369 OGOXV
895 3312 1010 3387 profert
1028 3332 1123 3371 mem·

111 3398 300 3477 braneceum‚
318 3419 410 3457 mann
424 3399 576 3477 scriptum,
596 3400 708 3460 saeculi
722 3400 757 3477 X,
776 3400 918 3458 foliorum
933 3402 984 3479 88,
1008 3401 1122 3460 0011111-

101 3490 255 3565 1111111112,
276 3507 414 3547 versuum
430 3491 481 3570 27,
501 3488 615 3550 formae
628 3508 724 3566 paene
739 3488 915 3565 quadratae.
947 3489 1126 3562 postitium
