2378 3832
453 182 658 238 PRAEFATIO
1021 186 1062 241 IX

46 337 152 396 autem
188 351 346 391 numerum
380 336 441 393 148
478 334 592 412 legitur
626 335 699 394 haec
736 355 856 412 quoque
888 337 1058 413 inscriptio:

47 423 144 484 Olim
167 421 288 480 Medic.
310 425 381 482 100.
419 425 510 499 atque
533 423 581 483 hic
605 424 726 500 quidem
749 424 848 503 codex,
873 444 1058 503 quamquam

46 515 93 574 est
120 513 250 588 integer,
279 513 380 570 tamen
407 513 519 572 multas
545 512 637 571 habet
663 530 783 572 rasuras
811 517 842 573 et
864 517 1059 595 correcturas,

47 621 127 680 quae
151 601 190 660 ad
217 599 462 678 orthographiam
491 603 521 660 et
549 600 810 661 adsimulationem
837 606 982 679 spectant.
1029 610 1061 664 et

48 711 128 768 quae
152 689 309 748 defuerant
331 689 450 749 litterae
474 692 505 749 et
526 690 629 768 verba,
658 690 829 766 saepissime
851 693 930 752 inter
955 694 1061 773 lineas,

47 797 277 854 nonnumquam
298 777 330 834 in
353 780 439 837 textu
466 779 616 855 adscripta
644 781 728 839 sunt:
754 781 810 839 hae
838 783 944 841 autem
967 783 1061 842 inter-

46 868 217 945 polationes
245 868 275 926 et
297 867 461 927 vetustiore
488 871 518 927 et
544 868 706 927 recentiore
737 888 828 927 manu
855 871 953 930 factae
977 875 1057 931 sunt.

48 960 141 1034 atque
173 956 222 1015 hic
254 955 356 1035 codex,
389 957 526 1032 quamvis
554 976 622 1016 cum
648 957 685 1015 iis
717 957 827 1036 tribus,
861 978 936 1035 quos
967 962 1057 1020 modo

46 1045 258 1123 tractavimus,
288 1046 464 1123 plerumque
488 1046 667 1124 consentiat,
695 1048 796 1106 tamen
818 1048 931 1108 multas
953 1048 1059 1110 lectio·
1113 1122 1114 1127 η

45 1154 100 1195 1100
122 1134 214 1194 habet
240 1135 417 1212 peculiares,
446 1153 521 1211 quas
544 1134 622 1193 alius
648 1134 772 1210 praebet
794 1137 904 1196 nullus.
951 1139 1056 1214 itaque

47 1244 110 1284 non
136 1223 241 1282 dubito
270 1224 350 1282 hunc
377 1222 508 1283 codicem
538 1224 569 1282 in
597 1224 724 1282 secundo
753 1244 860 1302 genere
890 1245 1058 1289 numerare.

47 1312 165 1373 contuli
187 1314 290 1371 autem
313 1332 382 1371 eum
401 1312 594 1372 Vindobonae
618 1331 717 1372 mense
740 1314 1057 1376 10011100111111875.

115 1401 259 1460 Eiusdem
281 1401 397 1478 generis
419 1401 551 1461 codicem
576 1419 637 1460 0000
661 1401 797 1461 existimo
814 1403 1057 1482 Lugdunensem,

47 1493 84 1550 de
108 1510 168 1566 quo
192 1509 282 1566 supra
305 1490 375 1569 dixi,
399 1489 514 1569 0111οθ,
538 1490 610 1567 quia
633 1491 663 1549 et
686 1491 843 1551 continuas
865 1492 956 1552 habet
979 1494 1055 1552 duas

46 1598 155 1640 manus
183 1580 326 1638 secundas
353 1597 462 1655 easque
495 1580 623 1638 alteram
649 1582 801 1639 vetustam
828 1582 956 1640 alteram
983 1583 1057 1641 satis

45 1672 197 1729 recentem
225 1671 255 1727 et
282 1669 442 1728 nonnullas
470 1668 690 1728 emendationes
717 1670 830 1747 textus,
864 1670 917 1746 qui
944 1672 1057 1731 011110

46 1758 148 1818 codice
171 1756 364 1816 Laudunensi
386 1759 514 1817 haustus
538 1776 600 1816 esse
623 1757 697 1815 mihi
715 1757 843 1818 videtur.

116 1845 251 1905 Tertium
280 1864 374 1923 genus
404 1846 519 1906 codices
546 1846 680 1906 efficiunt
708 1850 738 1905 et
766 1847 894 1906 secunda
925 1848 1056 1923 quadam

45 1955 141 1995 manu
164 1934 313 1994 emendati
336 1937 366 1995 et
389 1935 492 1994 multis
515 1934 797 2011 interpolationibus
821 1937 962 2011 corrupti.

114 2025 162 2082 Ex
183 2023 226 2082 eis
249 2027 294 2082 est
317 2024 408 2084 codex
429 2025 454 2082 S
475 2024 494 2082 i.
514 2045 537 2084 e.
557 2024 712 2083 Parisinus
732 2025 1059 2084 6830Emembrana·

47 2131 127 2191 cens,
150 2131 243 2171 mann
266 2113 403 2191 scriptus,
427 2113 499 2173 olim
521 2114 557 2174 D.
580 2114 738 2190 Dufresne,
762 2113 874 2172 saeculi
896 2113 947 2191 XI,
970 2113 1059 2173 folio·

45 2222 116 2262 111111
145 2204 199 2279 72,
229 2220 369 2261 versuum
397 2205 453 2279 36,
485 2202 607 2262 maioris
635 2202 748 2260 formae
779 2201 936 2289 oblongae,
967 2221 1059 2277 quem

46 2290 173 2350 Parisiis
191 2309 290 2350 mense
310 2291 470 2367 septembri
486 2293 570 2350 1874
591 2289 712 2350 contuli.
749 2290 798 2348 hic
815 2309 934 2365 quoque
952 2310 1058 2350 umore

46 2380 175 2440 vitiatus
199 2382 245 2438 est
267 2380 370 2456 aliqua
392 2400 428 2439 01
450 2381 543 2455 parte.
589 2379 667 2437 inest
687 2397 794 2436 manus
817 2379 955 2459 secunda,
979 2399 1058 2456 quae

47 2470 125 2528 tales
151 2487 272 2527 rasuras
300 2473 330 2528 et
357 2473 540 2528 correcturas
572 2468 657 2542 fecit,
690 2468 793 2542 quales
819 2466 1056 2528 Vindobonensis

47 2559 147 2617 habet.
192 2558 297 2615 multis
323 2559 396 2617 locis
419 2556 665 2634 interpolationes
689 2559 855 2616 occurrunt.
893 2577 931 2616 ex
953 2558 1058 2617 eodem

47 2648 144 2724 fonte,
173 2665 208 2704 01
236 2667 295 2722 quo
324 2647 415 2707 codex
436 2647 460 2705 S
481 2646 627 2724 originem
653 2645 748 2724 ducit,
780 2647 966 2705 Erfurtensis
995 2647 1058 2707 sive

47 2737 80 2795 Ε
92 2734 253 2813 emanavit,
271 2736 303 2793 id
321 2737 402 2813 quod
419 2755 513 2812 paene
532 2735 763 2794 innumerabiles
781 2736 923 2795 lectiones
938 2735 1059 2795 demon·

47 2825 160 2884 strant:
194 2844 290 2901 neque
324 2844 438 2901 paucae
473 2824 717 2900 interpolationes
745 2824 776 2881 in
804 2843 838 2882 eo
867 2824 1060 2900 reperiuntur

46 2913 222 2990 peculiares
267 2915 358 2990 atque
380 2914 526 2973 nonnulla
549 2916 620 2971 sunt
642 2912 760 2990 indicia,
785 2912 894 2988 quibus
917 2913 1059 2991 adducor,

46 3005 83 3061 ut
106 3002 222 3062 codices
244 3003 269 3060 S
290 3005 320 3061 et
342 3003 375 3060 Ε
396 3023 431 3061 01
455 3003 483 3061 G
505 3003 629 3061 haustos
653 3020 715 3060 esse
739 3001 913 3061 existimem.

114 3091 259 3150 Eiusdem
281 3092 397 3169 generis
425 3093 470 3150 est
498 3090 588 3149 codex
613 3092 640 3147 Τ
660 3091 679 3148 1.
702 3110 726 3149 0.
750 3090 905 3149 Parisinus
930 3093 1016 3150 6830
1025 3091 1058 3169 F,

47 3200 142 3240 manu
165 3181 305 3258 scriptuS,
333 3180 445 3257 partim
471 3179 713 3238 membranaceus
740 3180 852 3254 partim
875 3180 1057 3258 chartacenS,

48 3270 121 3330 olim
135 3269 299 3328 Puteanus.
327 3288 396 3346 pars
411 3270 475 3328 eius
489 3268 579 3345 prior,
598 3267 831 3345 membranacea,
850 3268 991 3326 foliorum
1007 3272 1058 3348 80,

46 3377 190 3418 versuum
210 3362 261 3436 29,
284 3359 406 3418 maioris
429 3358 542 3417 formae
566 3356 720 3435 oblongae,
744 3356 856 3415 sacculi
875 3356 955 3433 XIII,
980 3377 1058 3433 quae

47 3446 179 3506 Palladii
210 3447 302 3507 libros
334 3447 476 3506 tredecim
507 3447 656 3528 continet,
685 3466 705 3506 a
732 3465 783 3505 me
808 3445 941 3504 Parisiis
963 3462 1075 3500 mense

44 3536 204 3608 septembri
224 3538 298 3596 anni
321 3541 409 3600 1814
440 3539 567 3602 conlata
595 3543 659 3604 esti
684 3536 846 3620 posterior
874 3537 993 3595 autem
1012 3540 1113 3599 para,
