2370 3832
415 191 714 261 correnum-11
1005 194 1068 259 139

62 341 96 402 et
120 337 295 422 grandibus
319 339 472 402 membris
497 343 530 402 et
554 338 649 403 solidi
672 339 826 422 corporis,
852 339 1007 404 musculis
1031 361 1068 404 ac

62 427 145 491 toris
165 427 285 510 ubique
304 427 520 512 surgentibus,
538 429 664 513 magnis
684 428 826 511 auribus,
844 427 929 492 latae
948 427 1068 492 frontis

62 519 96 581 et
119 515 256 600 crispae,
283 515 383 580 labris
408 517 573 600 oculisque
595 517 815 601 nigrantibus,
844 517 995 581 cornibus
1019 539 1068 581 ro·

61 604 169 668 bustis
203 625 241 668 ac
268 604 337 668 sine
365 609 556 669 curuaturae
583 605 746 689 prauitate
779 605 915 690 lunatis,
945 606 1067 689 patulis

31 693 195 761 snaribus
228 695 262 756 et
294 692 437 778 resimis,
472 694 596 758 ceruice
629 698 740 758 torosa
773 698 869 777 atque
902 699 1067 778 conpacta,

58 781 244 866 palearibus
272 780 372 865 largis
400 786 434 845 et
461 783 547 847 circa
578 803 684 867 genua
715 782 904 867 fluentibus,
936 788 1067 866 pectore

59 870 189 955 grandi,
213 871 311 934 armis
334 871 452 956 uastis,
475 875 587 935 uentre
610 893 676 935 non
699 893 814 954 paruo,
840 873 999 955 porrectis
1023 872 1066 936 lan

58 957 198 1042 teribus,
227 958 304 1023 latis
328 959 460 1038 lumbis,
489 960 585 1024 dorso
608 964 698 1024 recto
721 965 754 1024 et
776 961 889 1044 plano,
918 961 1066 1025 cruribus

59 1046 186 1130 solidis,
211 1048 359 1112 neruosis
383 1052 416 1112 et
438 1048 606 1127 breuibus,
635 1049 764 1133 ungulis
788 1049 929 1132 magnis,
957 1051 1066 1114 caudis

16 1165 45 1204 1o
58 1136 169 1219 longis
193 1157 230 1200 ac
254 1136 380 1220 setosis,
402 1137 470 1220 pilo
493 1138 595 1200 totius
620 1138 764 1221 corporis
788 1138 886 1202 denso
910 1159 948 1202 ac
966 1138 1066 1222 breui,

58 1223 152 1289 rubei
175 1227 314 1289 maxime
338 1226 454 1289 coloris
479 1228 535 1289 aut
558 1225 650 1290 fusci.
693 1227 809 1289 melius
833 1229 942 1290 autem
964 1226 1065 1290 boues
1089 1229 1110 1293 3

57 1314 96 1377 de
125 1313 240 1378 uicinis
268 1313 348 1378 loeis
376 1315 575 1397 parabimus,
607 1314 662 1398 qui
689 1315 780 1378 nulla
807 1313 869 1379 soli
897 1319 953 1379 aut
982 1315 1065 1379 aeris

57 1403 217 1466 uarietate
240 1406 449 1485 temptentur.
488 1407 544 1466 aut
567 1402 595 1466 si
618 1402 681 1467 hoc
700 1404 798 1489 deest,
822 1404 860 1467 de
879 1403 959 1469 locis
979 1404 1065 1468 simi-

57 1491 145 1555 libus
178 1490 219 1554 ad
251 1491 370 1555 similia
401 1491 644 1556 transferamus.
694 1491 775 1556 illud
807 1496 882 1556 ante
914 1492 1066 1556 uniuersa

18 1606 43 1647 rs
58 1580 237 1644 curandum
265 1584 329 1662 est,
356 1585 393 1644 ut
420 1581 545 1644 uiribus
569 1580 609 1643 ad
632 1580 826 1645 trahendum
849 1585 1066 1665 conparentur

57 1668 218 1751 aequales,
240 1690 281 1732 ne
304 1668 494 1733 ualentioris
518 1669 618 1734 robur
638 1669 734 1733 alteri
752 1674 903 1753 procuret
922 1671 1064 1735 exitium.

55 1757 90 1820 in
113 1757 259 1822 moribus
280 1758 358 1821 haec
377 1758 610 1822 consideranda
629 1762 714 1823 sunt.
751 1759 817 1823 sint
836 1760 954 1844 arguti,
977 1782 1065 1823 man·

56 1845 156 1923 sueti,
184 1845 336 1910 timentes
363 1846 535 1910 hortamen
564 1846 715 1912 clamoris
745 1869 783 1912 ac
810 1849 969 1933 uerberis,
1000 1848 1064 1913 cibi

56 1935 256 2018 adpetentes.
289 1935 345 1998 sed
364 1936 392 1999 si
411 1934 554 2019 regionis
573 1937 658 2000 ratio
672 1936 807 2021 patitur,
824 1937 933 2001 nullus
949 1938 1065 2001 melior

16 2023 148 2089 acibus
173 2026 223 2086 est
251 2045 348 2106 quam
376 2023 478 2088 uiride
506 2024 670 2107 pabulum.
715 2024 773 2088 ubi
796 2046 874 2089 uero
898 2025 1001 2105 deest,
1026 2047 1064 2089 eo

56 2111 169 2175 ordine
189 2111 400 2195 ministretur,
424 2134 488 2195 quo
507 2113 619 2197 pabuli
639 2112 732 2196 copia
751 2116 783 2176 et
802 2113 951 2177 laborum
968 2117 1063 2198 coget
1119 2109 1121 2114 ’

55 2200 207 2265 accessio.
231 2222 316 2264 nunc
329 2206 441 2265 tauros
457 2223 595 2284 quoque,
614 2202 732 2283 quibus
747 2202 836 2265 cordi
851 2206 901 2264 est
916 2205 1063 2264 armenta
1085 2202 1107 2265 4

55 2295 258 2374 construere,
284 2289 475 2373 conparabit
498 2293 556 2352 aut
578 2289 630 2353 his
654 2288 757 2374 signis
781 2311 800 2352 a
821 2293 933 2352 tenera
956 2294 1063 2354 aetate

55 2377 257 2461 summittet,
288 2382 326 2442 ut
358 2379 424 2442 sint
457 2377 516 2442 alti
549 2381 646 2461 atque
679 2377 867 2461 ingentibus
899 2379 1064 2461 membris,

15 2494 41 2534 rs
55 2465 174 2530 aetatis
202 2467 325 2531 mediae
354 2470 387 2531 et
414 2465 534 2550 magis,
566 2488 646 2550 quae
674 2467 843 2529 iuuentute
870 2466 977 2531 minor
1005 2471 1063 2549 est,

56 2576 156 2637 quam
189 2577 271 2639 quae
298 2555 437 2620 declinat
465 2556 500 2618 in
527 2556 666 2638 senium,
698 2559 794 2619 torua
825 2554 921 2638 facie,
952 2558 1063 2639 paruis

55 2643 225 2727 cornibus,
251 2649 363 2708 torosa
390 2648 548 2727 castaque
576 2644 712 2726 ceruice,
741 2643 848 2707 uentri
876 2646 1063 2710 substricto.

54 2753 172 2795 uaccas
201 2731 298 2796 etiam
328 2755 413 2797 nunc
437 2732 574 2796 maxime
596 2734 796 2816 parabimus:
824 2732 880 2795 sed
903 2733 1060 2818 eligemus
1084 2733 1105 2799 5

129 2910 142 2958 1
163 2905 294 2958 masculis
315 2906 365 2986 (11
387 2905 508 2960 auctoris
528 2907 590 2959 LE
597 2906 614 2974 ¹,
634 2906 757 2960 aetheris
777 2908 811 2975 G,
830 2907 893 2960 lael.
912 2923 933 2974 s,
954 2923 1038 2973 onap
1055 2905 1065 2976 11

54 2983 71 3028 2
91 2975 152 3030 lata
169 2975 261 3030 fronte
280 2979 309 3030 et
328 2994 419 3046 errspa
433 2995 455 3046 p
468 2979 507 3046 113
527 2977 718 3047 serispaeE1,
738 2976 850 3046 serispis
865 2977 895 3030 E
901 2976 911 3007 ²
928 2979 931 3047 1
948 2975 1064 3030 cornici·

53 3047 108 3100 bus
129 3047 155 3101 G
176 3049 185 3127 l
207 3054 224 3100 4
243 3047 335 3100 lunati
354 3047 472 3118 spatulis
491 3049 549 3102 PL
560 3049 603 3118 Vl
618 3049 723 3117 patulis
744 3049 857 3102 auribus
876 3050 905 3101 et
923 3047 1000 3101 simis
1015 3064 1037 3114 p
1055 3046 1065 3118 11

53 3117 229 3188 bresuprnis
249 3119 280 3172 E
304 3121 313 3187 11
340 3120 564 3189 7ροηθο1ιιεθ
591 3121 600 3187 11
629 3124 659 3171 11
684 3119 763 3175 robei
782 3120 838 3174 PL
867 3121 871 3188 1
901 3122 996 3172 tamen
1010 3134 1064 3186 pro

54 3193 151 3244 autem
177 3189 209 3242 E
238 3192 248 3258 11
281 3194 313 3242 12
340 3190 501 3258 parauimus
530 3191 586 3245 PL
596 3191 631 3258 V,
664 3190 887 3260 comparabimus
922 3190 1029 3259 Gacps
1058 3188 1061 3259 1

54 3259 123 3314 solis
137 3260 169 3313 E
184 3262 193 3329 11
213 3267 246 3313 13
270 3259 294 3313 si
316 3260 389 3314 hodo
412 3265 455 3315 est
476 3260 621 3342 Qlalocis
647 3261 673 3315 G
695 3266 704 3332 11
728 3269 761 3316 14
784 3261 982 3316 transferemus
1007 3260 1033 3314 G
1055 3259 1064 3330 11

56 3338 89 3386 16
109 3330 279 3385 ualentiores
295 3332 328 3400 P,
343 3331 547 3386 ualentionbus
557 3332 616 3385 La
631 3334 640 3401 11
655 3338 687 3385 18
702 3337 731 3387 et
745 3331 869 3387 uerberis
879 3332 905 3384 L
919 3335 928 3398 11
942 3337 975 3384 23
990 3347 1064 3384 com-

53 3402 198 3472 parabunt
216 3402 247 3454 Ε
266 3403 269 3471 1
291 3402 380 3455 ethis
400 3404 430 3456 Ε
450 3405 459 3472 11
482 3409 516 3456 24
536 3402 705 3458 submittunt
723 3406 754 3458 Ε
774 3407 783 3474 11
807 3410 839 3456 25
860 3402 948 3456 aetati
966 3403 1014 3468 ΕΙ
1036 3405 1065 3456 et

54 3474 172 3597 Wl'cpi
192 3473 205 3545 1·
221 3473 251 3527 in
269 3472 416 3528 iuuentute
435 3475 465 3527 Ε
485 3477 494 3543 11
517 3480 550 3528 26
571 3473 693 3529 declinet
711 3477 785 3546 iccp
807 3477 816 3544 11
839 3480 872 3527 28
891 3473 1064 3543 comparabi-

55 3562 119 3599 mus
