2378 3832
400 757 545 829 LIBER
574 755 820 829 SECVNDVS

569 892 649 948 SIVE

322 1002 532 1070 MENSIS
564 1001 893 1071 IANVARIVS.

518 1250 694 1305 TITVLI.

183 1362 200 1427 I
231 1362 280 1426 De
304 1362 536 1446 ablaqueandis
559 1362 693 1426 uicibus.
1127 1384 1136 1425 s

165 1450 199 1515 II
231 1449 281 1516 De
304 1451 408 1535 pratis
433 1450 634 1516 abstinendi·
658 1451 693 1514 in
715 1451 796 1517 locis
821 1451 949 1518 macris.

146 1539 199 1604 III
231 1540 278 1604 Dc
302 1539 545 1624 proscindendi·
571 1540 659 1625 agris
682 1544 716 1604 et
738 1541 910 1627 iungendis
933 1541 1043 1606 bubus
1061 1542 1110 1605 uel

231 1629 343 1693 arandi
368 1629 547 1712 discipliua.

133 1717 202 1781 IIII
234 1717 283 1782 Dc
307 1717 428 1781 hordeo
453 1717 595 1803 galatico
620 1717 764 1784 serenda

168 1805 199 1870 V
232 1807 280 1870 Dc
304 1805 461 1871 cicercula
485 1808 619 1871 serenda
642 1828 716 1871 cum
740 1807 911 1892 disciplina
934 1830 1002 1873 sua.
1125 1834 1147 1872 ιο

150 1895 199 1961 VI
230 1894 279 1960 Dc
298 1894 385 1960 uicia
403 1897 538 1960 serenda
555 1918 621 1960 non
640 1896 680 1959 ad
696 1895 852 1980 pabulum
866 1897 1043 1962 secandum
1059 1899 1112 1962 scd

232 1986 273 2050 ad
296 1985 420 2049 semina
442 1983 617 2070 redigenda
641 2006 713 2048 cum
738 1985 911 2068 disciplina
934 2007 1002 2050 sua.

130 2074 197 2139 VII
229 2074 277 2138 De
300 2074 376 2138 feno
400 2095 516 2159 graeco
541 2073 676 2139 serendo
699 2074 829 2159 legendi
852 2074 986 2139 seminis
1015 2097 1116 2141 causa

231 2187 305 2230 cum
329 2163 500 2247 disciplina
523 2184 589 2227 sua.

115 2252 199 2317 VIII
231 2253 280 2318 Dc
304 2275 381 2317 eruo
407 2251 550 2316 serendo,
1129 2280 1153 2320 15

101 2339 198 2406 VIIII
230 2341 279 2405 De
302 2342 459 2405 sariendis
483 2340 655 2404 frumentis
679 2343 712 2403 cb
734 2339 964 2426 leguminibus.

165 2428 196 2493 X
228 2429 277 2493 Dc
300 2430 485 2513 pastinandi
509 2427 682 2514 generibus
707 2433 740 2493 et
763 2428 933 2494 scrobibus
957 2429 1087 2497 uitium.

151 2519 198 2582 XI
230 2517 278 2583 Dc
303 2519 424 2582 tabulis
446 2519 623 2583 uinearum.

132 2606 195 2672 XII
228 2606 278 2672 Dc
302 2629 452 2672 mensura
475 2607 597 2689 pastini
620 2608 739 2672 italica.

116 2696 200 2763 XIII
231 2695 280 2761 De
305 2696 374 2760 solo
398 2700 432 2760 et
455 2696 544 2760 caclo
567 2701 600 2760 el
618 2697 691 2761 loco
710 2697 889 2781 pangendis
909 2695 1015 2761 uineis
1036 2719 1116 2763 con·
1130 2727 1155 2765 ac

231 2785 361 2871 gruenti
386 2789 419 2848 el
442 2806 492 2861 ea,
517 2807 598 2868 quae
621 2787 699 2850 illuc
723 2785 877 2869 perlinat,
900 2785 1085 2870 disciplina

172 2994 560 3050 1LIBER-IANVARIVS
583 3013 633 3050 cm.
653 2998 729 3050 codd.
756 2999 766 3066 l
792 3003 809 3050 4
832 2996 954 3050 TITVLI
977 2996 1115 3053 MENSIS

100 3067 266 3122 lANVARII
289 3084 379 3121 omues
402 3066 459 3132 fere
481 3068 583 3121 codices
606 3069 795 3136 deditiones,
818 3067 960 3137 Incipiunt
983 3068 1115 3138 capitula

100 3139 167 3194 libri
195 3138 309 3193 secundi
337 3139 378 3205 Ε,
407 3137 648 3192 TITVLI-hcris
677 3156 726 3194 om.
747 3157 761 3193 c
782 3141 791 3209 ΙΙ
816 3144 831 3192 5
854 3138 1022 3208 laqueandis
1051 3140 1107 3213 El

101 3215 116 3263 7
135 3209 292 3280 unguendis
311 3211 337 3263 L
354 3211 358 3281 Ι
373 3209 464 3263 bobus
480 3210 547 3263 Eia
561 3212 599 3291 >19
619 3210 686 3264 ordo
706 3212 735 3264 E
747 3213 756 3280 {l
772 3216 805 3265 10
824 3227 876 3264 sua
894 3208 1046 3280 disciplina
1060 3212 1094 3265 E

102 3287 133 3335 11
154 3282 274 3335 secanda
297 3299 315 3335 a
338 3283 346 3351 ΙΙ
371 3287 403 3333 12
427 3298 478 3334 sua
501 3280 651 3350 disciplina
673 3283 704 3335 E
724 3284 733 3352 ΙΙ
757 3287 790 3334 13
813 3281 961 3335 VH-sua
984 3298 1036 3337 om.
1058 3282 1086 3337 G

102 3358 135 3406 14
154 3369 204 3405 sua
223 3351 373 3421 disciplina
392 3352 423 3405 E
433 3354 442 3421 ΙΙ
457 3358 489 3406 15
508 3353 608 3421 herb0,
627 3354 726 3421 baruc,
746 3368 811 3407 eruo
830 3355 940 3422 codices,
958 3353 1086 3408 Herboi

90 3430 132 3476 16
147 3440 210 3475 cum
230 3421 389 3492 disciplinis
408 3423 466 3480 suis
486 3426 597 3481 adducat
614 3425 650 3480 ic
660 3426 675 3494 ll
685 3431 721 3478 ai
741 3427 771 3478 cb
788 3440 825 3478 sa
841 3441 893 3479 cca.
906 3425 932 3477 G
