<?xml version="1.0" encoding="UTF-8"?>
<!DOCTYPE html PUBLIC "-//W3C//DTD XHTML 1.0 Transitional//EN"
    "http://www.w3.org/TR/xhtml1/DTD/xhtml1-transitional.dtd">
<html xmlns="http://www.w3.org/1999/xhtml" xml:lang="en" lang="en">
 <head>
  <title>
</title>
<meta http-equiv="Content-Type" content="text/html;charset=utf-8" />
  <meta name='ocr-system' content='tesseract 3.04.00' />
  <meta name='ocr-capabilities' content='ocr_page ocr_carea ocr_par ocr_line ocrx_word'/>
</head>
<body>
  <div class='ocr_page' id='page_1' title='image "./palladiirutilii00pallgoog_0260.png"; bbox 0 0 2378 3832; ppageno 0'>
   <div class='ocr_carea' id='block_1_1' title="bbox 432 184 1038 249">
    <p class='ocr_par' dir='ltr' id='par_1_1' title="bbox 432 184 1038 249">
     <span class='ocr_line' id='line_1_1' title="bbox 432 184 1038 249; baseline 0 -11"><span class='ocrx_word' id='word_1_1' title='bbox 432 184 548 240; x_wconf 69' lang='lat' dir='ltr'>Attalo.</span> <span class='ocrx_word' id='word_1_2' title='bbox 563 184 614 237; x_wconf 88' lang='lat' dir='ltr'>XII</span> <span class='ocrx_word' id='word_1_3' title='bbox 630 190 644 238; x_wconf 79' lang='lat'>7</span> <span class='ocrx_word' id='word_1_4' title='bbox 974 185 1038 249; x_wconf 80' lang='lat'>241</span> 
     </span>
    </p>
   </div>
   <div class='ocr_carea' id='block_1_2' title="bbox 28 329 1090 2633">
    <p class='ocr_par' dir='ltr' id='par_1_2' title="bbox 28 329 1090 2190">
     <span class='ocr_line' id='line_1_2' title="bbox 28 329 1040 414; baseline -0.003 -17"><span class='ocrx_word' id='word_1_5' title='bbox 28 331 153 397; x_wconf 82' lang='lat' dir='ltr'>caduca</span> <span class='ocrx_word' id='word_1_6' title='bbox 182 336 216 395; x_wconf 98' lang='lat' dir='ltr'>et</span> <span class='ocrx_word' id='word_1_7' title='bbox 245 330 461 394; x_wconf 86' lang='lat' dir='ltr'>uermiculosa</span> <span class='ocrx_word' id='word_1_8' title='bbox 489 334 671 395; x_wconf 88' lang='lat' dir='ltr'>nascantur.</span> <span class='ocrx_word' id='word_1_9' title='bbox 723 329 930 414; x_wconf 74' lang='lat' dir='ltr'>extirpandae</span> <span class='ocrx_word' id='word_1_10' title='bbox 963 335 1040 395; x_wconf 89' lang='lat' dir='ltr'>sunt</span> 
     </span>
     <span class='ocr_line' id='line_1_3' title="bbox 28 417 1038 503; baseline 0 -19"><span class='ocrx_word' id='word_1_11' title='bbox 28 419 163 486; x_wconf 75' lang='lat' dir='ltr'>suboles</span> <span class='ocrx_word' id='word_1_12' title='bbox 188 442 207 484; x_wconf 87' lang='lat' dir='ltr'>a</span> <span class='ocrx_word' id='word_1_13' title='bbox 229 417 336 484; x_wconf 86' lang='lat' dir='ltr'>radice</span> <span class='ocrx_word' id='word_1_14' title='bbox 359 419 501 502; x_wconf 89' lang='lat' dir='ltr'>exceptis</span> <span class='ocrx_word' id='word_1_15' title='bbox 527 419 735 503; x_wconf 89' lang='lat' dir='ltr'>rectioribus,</span> <span class='ocrx_word' id='word_1_16' title='bbox 758 440 839 502; x_wconf 89' lang='lat' dir='ltr'>quae</span> <span class='ocrx_word' id='word_1_17' title='bbox 864 420 1038 484; x_wconf 89' lang='lat' dir='ltr'>seruabun·</span> 
     </span>
     <span class='ocr_line' id='line_1_4' title="bbox 28 507 1038 593; baseline -0.002 -19"><span class='ocrx_word' id='word_1_18' title='bbox 28 514 87 574; x_wconf 86' lang='lat' dir='ltr'>tur</span> <span class='ocrx_word' id='word_1_19' title='bbox 109 509 151 573; x_wconf 89' lang='lat' dir='ltr'>ad</span> <span class='ocrx_word' id='word_1_20' title='bbox 173 508 313 592; x_wconf 90' lang='lat' dir='ltr'>plantas.</span> <span class='ocrx_word' id='word_1_21' title='bbox 357 507 386 572; x_wconf 86' lang='lat' dir='ltr'>si</span> <span class='ocrx_word' id='word_1_22' title='bbox 408 508 563 593; x_wconf 87' lang='lat' dir='ltr'>languida</span> <span class='ocrx_word' id='word_1_23' title='bbox 585 508 681 591; x_wconf 91' lang='lat' dir='ltr'>pruni</span> <span class='ocrx_word' id='word_1_24' title='bbox 705 508 801 572; x_wconf 92' lang='lat' dir='ltr'>arbor</span> <span class='ocrx_word' id='word_1_25' title='bbox 825 512 883 591; x_wconf 87' lang='lat' dir='ltr'>est,</span> <span class='ocrx_word' id='word_1_26' title='bbox 906 531 1038 574; x_wconf 90' lang='lat' dir='ltr'>amurca</span> 
     </span>
     <span class='ocr_line' id='line_1_5' title="bbox 28 596 1038 681; baseline -0.001 -19"><span class='ocrx_word' id='word_1_27' title='bbox 28 619 106 662; x_wconf 88' lang='lat' dir='ltr'>curn</span> <span class='ocrx_word' id='word_1_28' title='bbox 136 619 220 681; x_wconf 89' lang='lat' dir='ltr'>aqua</span> <span class='ocrx_word' id='word_1_29' title='bbox 250 596 427 681; x_wconf 89' lang='lat' dir='ltr'>aequaliter</span> <span class='ocrx_word' id='word_1_30' title='bbox 457 601 639 680; x_wconf 89' lang='lat' dir='ltr'>temperata</span> <span class='ocrx_word' id='word_1_31' title='bbox 673 596 835 661; x_wconf 81' lang='lat' dir='ltr'>radicibus</span> <span class='ocrx_word' id='word_1_32' title='bbox 866 598 962 662; x_wconf 87' lang='lat' dir='ltr'>debet</span> <span class='ocrx_word' id='word_1_33' title='bbox 991 599 1038 661; x_wconf 86' lang='lat' dir='ltr'>in-</span> 
     </span>
     <span class='ocr_line' id='line_1_6' title="bbox 30 684 1037 751; baseline 0.001 -1"><span class='ocrx_word' id='word_1_34' title='bbox 30 686 123 750; x_wconf 81' lang='lat' dir='ltr'>fundi</span> <span class='ocrx_word' id='word_1_35' title='bbox 146 684 200 750; x_wconf 94' lang='lat' dir='ltr'>uel</span> <span class='ocrx_word' id='word_1_36' title='bbox 222 685 381 750; x_wconf 89' lang='lat' dir='ltr'>bubulum</span> <span class='ocrx_word' id='word_1_37' title='bbox 403 685 519 750; x_wconf 91' lang='lat' dir='ltr'>lotium</span> <span class='ocrx_word' id='word_1_38' title='bbox 543 687 648 750; x_wconf 90' lang='lat' dir='ltr'>solum</span> <span class='ocrx_word' id='word_1_39' title='bbox 671 685 725 749; x_wconf 91' lang='lat' dir='ltr'>uel</span> <span class='ocrx_word' id='word_1_40' title='bbox 747 685 923 749; x_wconf 90' lang='lat' dir='ltr'>humanum</span> <span class='ocrx_word' id='word_1_41' title='bbox 942 692 1037 751; x_wconf 88' lang='lat' dir='ltr'>uetus</span> 
     </span>
     <span class='ocr_line' id='line_1_7' title="bbox 32 774 1036 858; baseline 0.001 -19"><span class='ocrx_word' id='word_1_42' title='bbox 32 797 106 839; x_wconf 89' lang='lat' dir='ltr'>cum</span> <span class='ocrx_word' id='word_1_43' title='bbox 136 775 261 839; x_wconf 89' lang='lat' dir='ltr'>duabus</span> <span class='ocrx_word' id='word_1_44' title='bbox 292 796 393 858; x_wconf 90' lang='lat' dir='ltr'>aquae</span> <span class='ocrx_word' id='word_1_45' title='bbox 423 776 572 858; x_wconf 88' lang='lat' dir='ltr'>partibus</span> <span class='ocrx_word' id='word_1_46' title='bbox 601 775 739 838; x_wconf 90' lang='lat' dir='ltr'>mixtum</span> <span class='ocrx_word' id='word_1_47' title='bbox 767 774 820 838; x_wconf 92' lang='lat' dir='ltr'>uel</span> <span class='ocrx_word' id='word_1_48' title='bbox 848 775 969 840; x_wconf 89' lang='lat' dir='ltr'>cineres</span> <span class='ocrx_word' id='word_1_49' title='bbox 999 798 1036 840; x_wconf 89' lang='lat' dir='ltr'>ex</span> 
     </span>
     <span class='ocr_line' id='line_1_8' title="bbox 31 863 1090 949; baseline 0.001 -22"><span class='ocrx_word' id='word_1_50' title='bbox 31 863 126 928; x_wconf 85' lang='lat' dir='ltr'>forno</span> <span class='ocrx_word' id='word_1_51' title='bbox 150 866 207 928; x_wconf 90' lang='lat' dir='ltr'>aut</span> <span class='ocrx_word' id='word_1_52' title='bbox 231 863 369 928; x_wconf 83' lang='lat' dir='ltr'>maxime</span> <span class='ocrx_word' id='word_1_53' title='bbox 393 868 640 928; x_wconf 79' lang='lat' dir='ltr'>sarmentorum.</span> <span class='ocrx_word' id='word_1_54' title='bbox 686 864 714 927; x_wconf 88' lang='lat' dir='ltr'>si</span> <span class='ocrx_word' id='word_1_55' title='bbox 736 884 834 945; x_wconf 88' lang='lat' dir='ltr'>poma</span> <span class='ocrx_word' id='word_1_56' title='bbox 856 864 1036 949; x_wconf 89' lang='lat' dir='ltr'>decurrant,</span> <span class='ocrx_word' id='word_1_57' title='bbox 1049 863 1090 928; x_wconf 85' lang='lat'>15</span> 
     </span>
     <span class='ocr_line' id='line_1_9' title="bbox 33 951 1036 1037; baseline 0.001 -21"><span class='ocrx_word' id='word_1_58' title='bbox 33 951 165 1017; x_wconf 77' lang='lat' dir='ltr'>oleastri</span> <span class='ocrx_word' id='word_1_59' title='bbox 188 953 336 1035; x_wconf 90' lang='lat' dir='ltr'>epiurum</span> <span class='ocrx_word' id='word_1_60' title='bbox 358 952 540 1017; x_wconf 86' lang='lat' dir='ltr'>terebratae</span> <span class='ocrx_word' id='word_1_61' title='bbox 559 953 658 1037; x_wconf 86' lang='lat' dir='ltr'>infige</span> <span class='ocrx_word' id='word_1_62' title='bbox 678 952 786 1017; x_wconf 89' lang='lat' dir='ltr'>radici.</span> <span class='ocrx_word' id='word_1_63' title='bbox 823 973 948 1016; x_wconf 89' lang='lat' dir='ltr'>uermes</span> <span class='ocrx_word' id='word_1_64' title='bbox 968 954 1036 1017; x_wconf 88' lang='lat' dir='ltr'>eius</span> 
     </span>
     <span class='ocr_line' id='line_1_10' title="bbox 33 1039 1036 1125; baseline 0.001 -21"><span class='ocrx_word' id='word_1_65' title='bbox 33 1045 131 1125; x_wconf 87' lang='lat' dir='ltr'>atque</span> <span class='ocrx_word' id='word_1_66' title='bbox 154 1041 315 1124; x_wconf 84' lang='lat' dir='ltr'>formicas,</span> <span class='ocrx_word' id='word_1_67' title='bbox 338 1042 467 1105; x_wconf 83' lang='lat' dir='ltr'>rubrica</span> <span class='ocrx_word' id='word_1_68' title='bbox 490 1063 562 1106; x_wconf 88' lang='lat' dir='ltr'>curn</span> <span class='ocrx_word' id='word_1_69' title='bbox 581 1040 652 1125; x_wconf 87' lang='lat' dir='ltr'>pice</span> <span class='ocrx_word' id='word_1_70' title='bbox 675 1040 799 1124; x_wconf 91' lang='lat' dir='ltr'>liquida</span> <span class='ocrx_word' id='word_1_71' title='bbox 818 1039 847 1104; x_wconf 93' lang='lat' dir='ltr'>si</span> <span class='ocrx_word' id='word_1_72' title='bbox 865 1040 1036 1125; x_wconf 87' lang='lat' dir='ltr'>adlinatur,</span> 
     </span>
     <span class='ocr_line' id='line_1_11' title="bbox 32 1129 1036 1216; baseline 0 -22"><span class='ocrx_word' id='word_1_73' title='bbox 32 1130 214 1216; x_wconf 81' lang='lat' dir='ltr'>extinguet,</span> <span class='ocrx_word' id='word_1_74' title='bbox 242 1130 298 1194; x_wconf 93' lang='lat' dir='ltr'>sed</span> <span class='ocrx_word' id='word_1_75' title='bbox 324 1130 502 1194; x_wconf 88' lang='lat' dir='ltr'>modestius</span> <span class='ocrx_word' id='word_1_76' title='bbox 529 1135 664 1213; x_wconf 88' lang='lat' dir='ltr'>propter</span> <span class='ocrx_word' id='word_1_77' title='bbox 687 1129 812 1194; x_wconf 90' lang='lat' dir='ltr'>arboris</span> <span class='ocrx_word' id='word_1_78' title='bbox 836 1152 968 1213; x_wconf 88' lang='lat' dir='ltr'>noxam,</span> <span class='ocrx_word' id='word_1_79' title='bbox 995 1151 1036 1194; x_wconf 89' lang='lat' dir='ltr'>ne</span> 
     </span>
     <span class='ocr_line' id='line_1_12' title="bbox 32 1217 1036 1302; baseline -0.001 -20"><span class='ocrx_word' id='word_1_80' title='bbox 32 1219 118 1283; x_wconf 91' lang='lat' dir='ltr'>idem</span> <span class='ocrx_word' id='word_1_81' title='bbox 143 1218 245 1284; x_wconf 87' lang='lat' dir='ltr'>faeiat</span> <span class='ocrx_word' id='word_1_82' title='bbox 271 1220 463 1301; x_wconf 87' lang='lat' dir='ltr'>remedium,</span> <span class='ocrx_word' id='word_1_83' title='bbox 491 1219 576 1302; x_wconf 93' lang='lat' dir='ltr'>quod</span> <span class='ocrx_word' id='word_1_84' title='bbox 603 1241 771 1283; x_wconf 90' lang='lat' dir='ltr'>uenenum.</span> <span class='ocrx_word' id='word_1_85' title='bbox 817 1218 949 1282; x_wconf 88' lang='lat' dir='ltr'>iuuatur</span> <span class='ocrx_word' id='word_1_86' title='bbox 975 1217 1036 1282; x_wconf 80' lang='lat' dir='ltr'>fre</span> 
     </span>
     <span class='ocr_line' id='line_1_13' title="bbox 32 1307 1037 1392; baseline -0.001 -20"><span class='ocrx_word' id='word_1_87' title='bbox 32 1308 144 1392; x_wconf 90' lang='lat' dir='ltr'>quenti</span> <span class='ocrx_word' id='word_1_88' title='bbox 166 1328 278 1377; x_wconf 88' lang='lat' dir='ltr'>umore</span> <span class='ocrx_word' id='word_1_89' title='bbox 302 1312 335 1371; x_wconf 90' lang='lat' dir='ltr'>et</span> <span class='ocrx_word' id='word_1_90' title='bbox 358 1308 492 1371; x_wconf 90' lang='lat' dir='ltr'>adsidua</span> <span class='ocrx_word' id='word_1_91' title='bbox 513 1307 664 1372; x_wconf 87' lang='lat' dir='ltr'>fossione.</span> <span class='ocrx_word' id='word_1_92' title='bbox 711 1329 819 1371; x_wconf 86' lang='lat' dir='ltr'>mense</span> <span class='ocrx_word' id='word_1_93' title='bbox 843 1308 961 1371; x_wconf 91' lang='lat' dir='ltr'>martio</span> <span class='ocrx_word' id='word_1_94' title='bbox 984 1329 1037 1371; x_wconf 86' lang='lat' dir='ltr'>ex-</span> 
     </span>
     <span class='ocr_line' id='line_1_14' title="bbox 31 1395 1036 1480; baseline 0 -20"><span class='ocrx_word' id='word_1_95' title='bbox 31 1401 136 1461; x_wconf 88' lang='lat' dir='ltr'>tremo</span> <span class='ocrx_word' id='word_1_96' title='bbox 172 1418 294 1480; x_wconf 89' lang='lat' dir='ltr'>prunus</span> <span class='ocrx_word' id='word_1_97' title='bbox 331 1397 485 1461; x_wconf 89' lang='lat' dir='ltr'>inseritur</span> <span class='ocrx_word' id='word_1_98' title='bbox 523 1396 639 1460; x_wconf 90' lang='lat' dir='ltr'>melius</span> <span class='ocrx_word' id='word_1_99' title='bbox 676 1400 791 1460; x_wconf 88' lang='lat' dir='ltr'>trunco</span> <span class='ocrx_word' id='word_1_100' title='bbox 827 1395 905 1460; x_wconf 90' lang='lat' dir='ltr'>fisso</span> <span class='ocrx_word' id='word_1_101' title='bbox 938 1418 1036 1480; x_wconf 90' lang='lat' dir='ltr'>quam</span> 
     </span>
     <span class='ocr_line' id='line_1_15' title="bbox 31 1484 1036 1570; baseline -0.001 -21"><span class='ocrx_word' id='word_1_102' title='bbox 31 1485 151 1550; x_wconf 89' lang='lat' dir='ltr'>cortice</span> <span class='ocrx_word' id='word_1_103' title='bbox 178 1484 230 1549; x_wconf 90' lang='lat' dir='ltr'>uel</span> <span class='ocrx_word' id='word_1_104' title='bbox 258 1507 367 1550; x_wconf 90' lang='lat' dir='ltr'>mense</span> <span class='ocrx_word' id='word_1_105' title='bbox 394 1485 554 1569; x_wconf 89' lang='lat' dir='ltr'>ianuario,</span> <span class='ocrx_word' id='word_1_106' title='bbox 582 1488 755 1569; x_wconf 85' lang='lat' dir='ltr'>antequam</span> <span class='ocrx_word' id='word_1_107' title='bbox 782 1484 917 1568; x_wconf 88' lang='lat' dir='ltr'>incipiat</span> <span class='ocrx_word' id='word_1_108' title='bbox 946 1505 1036 1570; x_wconf 88' lang='lat' dir='ltr'>gum·</span> 
     </span>
     <span class='ocr_line' id='line_1_16' title="bbox 32 1573 1035 1658; baseline -0.001 -20"><span class='ocrx_word' id='word_1_109' title='bbox 32 1574 117 1638; x_wconf 91' lang='lat' dir='ltr'>mine</span> <span class='ocrx_word' id='word_1_110' title='bbox 140 1573 318 1640; x_wconf 86' lang='lat' dir='ltr'>lacrimare.</span> <span class='ocrx_word' id='word_1_111' title='bbox 363 1574 518 1637; x_wconf 89' lang='lat' dir='ltr'>inseritur</span> <span class='ocrx_word' id='word_1_112' title='bbox 545 1574 579 1636; x_wconf 93' lang='lat' dir='ltr'>in</span> <span class='ocrx_word' id='word_1_113' title='bbox 607 1596 641 1638; x_wconf 89' lang='lat' dir='ltr'>se</span> <span class='ocrx_word' id='word_1_114' title='bbox 670 1577 703 1637; x_wconf 93' lang='lat' dir='ltr'>et</span> <span class='ocrx_word' id='word_1_115' title='bbox 730 1575 891 1657; x_wconf 88' lang='lat' dir='ltr'>persicum</span> <span class='ocrx_word' id='word_1_116' title='bbox 919 1574 1035 1658; x_wconf 89' lang='lat' dir='ltr'>recipit</span> 
     </span>
     <span class='ocr_line' id='line_1_17' title="bbox 29 1662 1036 1748; baseline 0 -22"><span class='ocrx_word' id='word_1_117' title='bbox 29 1662 83 1727; x_wconf 89' lang='lat' dir='ltr'>uel</span> <span class='ocrx_word' id='word_1_118' title='bbox 101 1662 309 1747; x_wconf 85' lang='lat' dir='ltr'>amygdalum</span> <span class='ocrx_word' id='word_1_119' title='bbox 328 1663 378 1726; x_wconf 93' lang='lat' dir='ltr'>uel</span> <span class='ocrx_word' id='word_1_120' title='bbox 398 1662 530 1740; x_wconf 87' lang='lat' dir='ltr'>malum,</span> <span class='ocrx_word' id='word_1_121' title='bbox 554 1663 609 1726; x_wconf 86' lang='lat' dir='ltr'>sed</span> <span class='ocrx_word' id='word_1_122' title='bbox 632 1684 703 1726; x_wconf 91' lang='lat' dir='ltr'>eam</span> <span class='ocrx_word' id='word_1_123' title='bbox 722 1663 912 1748; x_wconf 84' lang='lat' dir='ltr'>degenerem</span> <span class='ocrx_word' id='word_1_124' title='bbox 930 1663 1036 1727; x_wconf 89' lang='lat' dir='ltr'>reddit</span> 
     </span>
     <span class='ocr_line' id='line_1_18' title="bbox 28 1751 1033 1835; baseline 0.001 -20"><span class='ocrx_word' id='word_1_125' title='bbox 28 1756 229 1835; x_wconf 67' lang='lat' dir='ltr'>et‘paruam.</span> <span class='ocrx_word' id='word_1_126' title='bbox 275 1773 379 1835; x_wconf 89' lang='lat' dir='ltr'>pruna</span> <span class='ocrx_word' id='word_1_127' title='bbox 403 1751 565 1815; x_wconf 86' lang='lat' dir='ltr'>siccantur</span> <span class='ocrx_word' id='word_1_128' title='bbox 587 1751 622 1816; x_wconf 94' lang='lat' dir='ltr'>in</span> <span class='ocrx_word' id='word_1_129' title='bbox 645 1754 713 1816; x_wconf 91' lang='lat' dir='ltr'>sole</span> <span class='ocrx_word' id='word_1_130' title='bbox 740 1773 799 1835; x_wconf 89' lang='lat' dir='ltr'>per</span> <span class='ocrx_word' id='word_1_131' title='bbox 826 1756 931 1817; x_wconf 91' lang='lat' dir='ltr'>crates</span> <span class='ocrx_word' id='word_1_132' title='bbox 960 1752 1033 1816; x_wconf 93' lang='lat' dir='ltr'>loco</span> 
     </span>
     <span class='ocr_line' id='line_1_19' title="bbox 28 1838 1085 1924; baseline 0.001 -21"><span class='ocrx_word' id='word_1_133' title='bbox 28 1839 164 1905; x_wconf 88' lang='lat' dir='ltr'>sicciore</span> <span class='ocrx_word' id='word_1_134' title='bbox 187 1839 354 1923; x_wconf 88' lang='lat' dir='ltr'>disposita.</span> <span class='ocrx_word' id='word_1_135' title='bbox 391 1838 470 1904; x_wconf 90' lang='lat' dir='ltr'>haec</span> <span class='ocrx_word' id='word_1_136' title='bbox 494 1844 579 1924; x_wconf 90' lang='lat' dir='ltr'>sunt,</span> <span class='ocrx_word' id='word_1_137' title='bbox 603 1863 685 1924; x_wconf 90' lang='lat' dir='ltr'>quae</span> <span class='ocrx_word' id='word_1_138' title='bbox 709 1841 900 1905; x_wconf 89' lang='lat' dir='ltr'>damascena</span> <span class='ocrx_word' id='word_1_139' title='bbox 923 1841 1032 1904; x_wconf 89' lang='lat' dir='ltr'>dicun-</span> <span class='ocrx_word' id='word_1_140' title='bbox 1045 1840 1085 1904; x_wconf 90' lang='grc'>16</span> 
     </span>
     <span class='ocr_line' id='line_1_20' title="bbox 28 1927 1033 2012; baseline 0.001 -20"><span class='ocrx_word' id='word_1_141' title='bbox 28 1932 91 1993; x_wconf 88' lang='lat' dir='ltr'>tur.</span> <span class='ocrx_word' id='word_1_142' title='bbox 124 1927 180 1992; x_wconf 88' lang='lat' dir='ltr'>alii</span> <span class='ocrx_word' id='word_1_143' title='bbox 198 1927 232 1992; x_wconf 92' lang='lat' dir='ltr'>in</span> <span class='ocrx_word' id='word_1_144' title='bbox 252 1950 336 2012; x_wconf 88' lang='lat' dir='ltr'>aqua</span> <span class='ocrx_word' id='word_1_145' title='bbox 354 1927 480 1992; x_wconf 90' lang='lat' dir='ltr'>marina</span> <span class='ocrx_word' id='word_1_146' title='bbox 501 1930 554 1992; x_wconf 91' lang='lat' dir='ltr'>uel</span> <span class='ocrx_word' id='word_1_147' title='bbox 577 1929 612 1992; x_wconf 95' lang='lat' dir='ltr'>in</span> <span class='ocrx_word' id='word_1_148' title='bbox 635 1930 740 1993; x_wconf 90' lang='lat' dir='ltr'>muria</span> <span class='ocrx_word' id='word_1_149' title='bbox 758 1929 904 1993; x_wconf 81' lang='lat' dir='ltr'>seruante</span> <span class='ocrx_word' id='word_1_150' title='bbox 923 1951 1033 1994; x_wconf 88' lang='lat' dir='ltr'>recens</span> 
     </span>
     <span class='ocr_line' id='line_1_21' title="bbox 28 2016 1034 2103; baseline 0 -22"><span class='ocrx_word' id='word_1_151' title='bbox 28 2017 114 2081; x_wconf 88' lang='lat' dir='ltr'>lecta</span> <span class='ocrx_word' id='word_1_152' title='bbox 136 2039 240 2100; x_wconf 89' lang='lat' dir='ltr'>pruna</span> <span class='ocrx_word' id='word_1_153' title='bbox 262 2017 454 2103; x_wconf 87' lang='lat' dir='ltr'>demergunt</span> <span class='ocrx_word' id='word_1_154' title='bbox 482 2023 515 2080; x_wconf 88' lang='lat' dir='ltr'>et</span> <span class='ocrx_word' id='word_1_155' title='bbox 541 2018 614 2080; x_wconf 90' lang='lat' dir='ltr'>inde</span> <span class='ocrx_word' id='word_1_156' title='bbox 642 2017 771 2081; x_wconf 89' lang='lat' dir='ltr'>sublata</span> <span class='ocrx_word' id='word_1_157' title='bbox 799 2020 857 2080; x_wconf 89' lang='lat' dir='ltr'>aut</span> <span class='ocrx_word' id='word_1_158' title='bbox 883 2018 918 2080; x_wconf 92' lang='lat' dir='ltr'>in</span> <span class='ocrx_word' id='word_1_159' title='bbox 940 2016 1034 2081; x_wconf 86' lang='lat' dir='ltr'>forno</span> 
     </span>
     <span class='ocr_line' id='line_1_22' title="bbox 28 2105 661 2190; baseline -0.003 -20"><span class='ocrx_word' id='word_1_160' title='bbox 28 2105 139 2190; x_wconf 89' lang='lat' dir='ltr'>tepido</span> <span class='ocrx_word' id='word_1_161' title='bbox 163 2105 286 2170; x_wconf 88' lang='lat' dir='ltr'>faciunt</span> <span class='ocrx_word' id='word_1_162' title='bbox 309 2111 366 2170; x_wconf 89' lang='lat' dir='ltr'>aut</span> <span class='ocrx_word' id='word_1_163' title='bbox 389 2106 423 2169; x_wconf 95' lang='lat' dir='ltr'>in</span> <span class='ocrx_word' id='word_1_164' title='bbox 447 2106 513 2170; x_wconf 90' lang='lat' dir='ltr'>sole</span> <span class='ocrx_word' id='word_1_165' title='bbox 538 2106 661 2170; x_wconf 89' lang='lat' dir='ltr'>siccari.</span> 
     </span>
    </p>

    <p class='ocr_par' dir='ltr' id='par_1_3' title="bbox 28 2193 1086 2633">
     <span class='ocr_line' id='line_1_23' title="bbox 95 2193 1086 2278; baseline -0.003 -19"><span class='ocrx_word' id='word_1_166' title='bbox 95 2193 254 2259; x_wconf 81' lang='lat' dir='ltr'>Castanea</span> <span class='ocrx_word' id='word_1_167' title='bbox 282 2195 401 2259; x_wconf 84' lang='lat' dir='ltr'>seritur</span> <span class='ocrx_word' id='word_1_168' title='bbox 429 2199 461 2258; x_wconf 83' lang='lat' dir='ltr'>et</span> <span class='ocrx_word' id='word_1_169' title='bbox 490 2194 623 2277; x_wconf 89' lang='lat' dir='ltr'>plantis,</span> <span class='ocrx_word' id='word_1_170' title='bbox 651 2216 732 2278; x_wconf 89' lang='lat' dir='ltr'>quae</span> <span class='ocrx_word' id='word_1_171' title='bbox 761 2195 877 2276; x_wconf 89' lang='lat' dir='ltr'>sponte</span> <span class='ocrx_word' id='word_1_172' title='bbox 899 2194 1086 2257; x_wconf 79' lang='lat' dir='ltr'>nascunll</span> 
     </span>
     <span class='ocr_line' id='line_1_24' title="bbox 28 2281 1035 2367; baseline -0.001 -21"><span class='ocrx_word' id='word_1_173' title='bbox 28 2287 95 2365; x_wconf 89' lang='lat' dir='ltr'>tur,</span> <span class='ocrx_word' id='word_1_174' title='bbox 124 2286 157 2346; x_wconf 91' lang='lat' dir='ltr'>et</span> <span class='ocrx_word' id='word_1_175' title='bbox 185 2283 314 2347; x_wconf 91' lang='lat' dir='ltr'>semine.</span> <span class='ocrx_word' id='word_1_176' title='bbox 360 2284 416 2347; x_wconf 89' lang='lat' dir='ltr'>sed</span> <span class='ocrx_word' id='word_1_177' title='bbox 443 2304 526 2367; x_wconf 89' lang='lat' dir='ltr'>quae</span> <span class='ocrx_word' id='word_1_178' title='bbox 552 2281 672 2365; x_wconf 86' lang='lat' dir='ltr'>plantis</span> <span class='ocrx_word' id='word_1_179' title='bbox 702 2282 829 2365; x_wconf 89' lang='lat' dir='ltr'>seritur,</span> <span class='ocrx_word' id='word_1_180' title='bbox 861 2281 909 2345; x_wconf 89' lang='lat' dir='ltr'>ita</span> <span class='ocrx_word' id='word_1_181' title='bbox 937 2302 1035 2366; x_wconf 87' lang='lat' dir='ltr'>aegra</span> 
     </span>
     <span class='ocr_line' id='line_1_25' title="bbox 28 2371 1035 2456; baseline -0.001 -21"><span class='ocrx_word' id='word_1_182' title='bbox 28 2376 87 2456; x_wconf 86' lang='lat' dir='ltr'>est,</span> <span class='ocrx_word' id='word_1_183' title='bbox 111 2375 148 2434; x_wconf 89' lang='lat' dir='ltr'>ut</span> <span class='ocrx_word' id='word_1_184' title='bbox 170 2372 300 2436; x_wconf 90' lang='lat' dir='ltr'>biennio</span> <span class='ocrx_word' id='word_1_185' title='bbox 324 2373 362 2436; x_wconf 94' lang='lat' dir='ltr'>de</span> <span class='ocrx_word' id='word_1_186' title='bbox 386 2372 454 2437; x_wconf 90' lang='lat' dir='ltr'>eius</span> <span class='ocrx_word' id='word_1_187' title='bbox 479 2372 549 2435; x_wconf 90' lang='lat' dir='ltr'>uita</span> <span class='ocrx_word' id='word_1_188' title='bbox 572 2392 667 2455; x_wconf 89' lang='lat' dir='ltr'>saepe</span> <span class='ocrx_word' id='word_1_189' title='bbox 688 2371 863 2435; x_wconf 88' lang='lat' dir='ltr'>dubitetur.</span> <span class='ocrx_word' id='word_1_190' title='bbox 900 2371 1035 2434; x_wconf 89' lang='lat' dir='ltr'>serenda</span> 
     </span>
     <span class='ocr_line' id='line_1_26' title="bbox 28 2458 1034 2545; baseline 0 -21"><span class='ocrx_word' id='word_1_191' title='bbox 28 2463 175 2545; x_wconf 84' lang='lat' dir='ltr'>astorgo</span> <span class='ocrx_word' id='word_1_192' title='bbox 199 2461 280 2543; x_wconf 89' lang='lat' dir='ltr'>ipsis</span> <span class='ocrx_word' id='word_1_193' title='bbox 299 2461 469 2545; x_wconf 83' lang='lat' dir='ltr'>castaneis,</span> <span class='ocrx_word' id='word_1_194' title='bbox 491 2460 554 2525; x_wconf 90' lang='lat' dir='ltr'>hoc</span> <span class='ocrx_word' id='word_1_195' title='bbox 571 2463 621 2524; x_wconf 89' lang='lat' dir='ltr'>est</span> <span class='ocrx_word' id='word_1_196' title='bbox 639 2460 816 2524; x_wconf 88' lang='lat' dir='ltr'>seminibus</span> <span class='ocrx_word' id='word_1_197' title='bbox 836 2458 903 2523; x_wconf 89' lang='lat' dir='ltr'>suis</span> <span class='ocrx_word' id='word_1_198' title='bbox 924 2481 1034 2524; x_wconf 90' lang='lat' dir='ltr'>mense</span> 
     </span>
     <span class='ocr_line' id='line_1_27' title="bbox 28 2548 1034 2633; baseline 0 -21"><span class='ocrx_word' id='word_1_199' title='bbox 28 2549 197 2613; x_wconf 89' lang='lat' dir='ltr'>nouembri</span> <span class='ocrx_word' id='word_1_200' title='bbox 218 2553 251 2612; x_wconf 88' lang='lat' dir='ltr'>et</span> <span class='ocrx_word' id='word_1_201' title='bbox 269 2550 440 2633; x_wconf 88' lang='lat' dir='ltr'>decembri,</span> <span class='ocrx_word' id='word_1_202' title='bbox 462 2549 542 2613; x_wconf 90' lang='lat' dir='ltr'>item</span> <span class='ocrx_word' id='word_1_203' title='bbox 560 2548 732 2613; x_wconf 86' lang='lat' dir='ltr'>februario.</span> <span class='ocrx_word' id='word_1_204' title='bbox 770 2548 935 2632; x_wconf 86' lang='lat' dir='ltr'>eligendae</span> <span class='ocrx_word' id='word_1_205' title='bbox 956 2553 1034 2612; x_wconf 90' lang='lat' dir='ltr'>sunt</span> 
     </span>
    </p>
   </div>
   <div class='ocr_carea' id='block_1_3' title="bbox 28 2757 1048 3539">
    <p class='ocr_par' dir='ltr' id='par_1_4' title="bbox 28 2757 1048 3539">
     <span class='ocr_line' id='line_1_28' title="bbox 99 2757 1032 2839; baseline 0.001 -30"><span class='ocrx_word' id='word_1_206' title='bbox 99 2763 115 2809; x_wconf 75' lang='lat'><strong>2</strong></span> <span class='ocrx_word' id='word_1_207' title='bbox 135 2757 243 2811; x_wconf 89' lang='lat' dir='ltr'>soboles</span> <span class='ocrx_word' id='word_1_208' title='bbox 262 2759 292 2811; x_wconf 84' lang='lat' dir='ltr'><strong><em>E</em></strong></span> <span class='ocrx_word' id='word_1_209' title='bbox 304 2760 313 2828; x_wconf 95' lang='grc' dir='ltr'>ΙΙ</span> <span class='ocrx_word' id='word_1_210' title='bbox 327 2764 342 2810; x_wconf 87' lang='grc'><strong>3</strong></span> <span class='ocrx_word' id='word_1_211' title='bbox 362 2759 445 2812; x_wconf 92' lang='lat' dir='ltr'>arbor</span> <span class='ocrx_word' id='word_1_212' title='bbox 462 2758 545 2839; x_wconf 87' lang='lat' dir='ltr'>pruni</span> <span class='ocrx_word' id='word_1_213' title='bbox 559 2759 589 2812; x_wconf 98' lang='grc' dir='ltr'><em>Ε</em></span> <span class='ocrx_word' id='word_1_214' title='bbox 601 2761 639 2828; x_wconf 81' lang='grc' dir='ltr'>Ι15</span> <span class='ocrx_word' id='word_1_215' title='bbox 660 2761 764 2811; x_wconf 88' lang='lat' dir='ltr'>stercus</span> <span class='ocrx_word' id='word_1_216' title='bbox 783 2757 921 2811; x_wconf 91' lang='lat' dir='ltr'>bubulum</span> <span class='ocrx_word' id='word_1_217' title='bbox 934 2775 957 2826; x_wconf 81' lang='lat' dir='ltr'>p</span> <span class='ocrx_word' id='word_1_218' title='bbox 972 2761 976 2827; x_wconf 99' lang='grc' dir='ltr'>Ι</span> <span class='ocrx_word' id='word_1_219' title='bbox 992 2758 1032 2811; x_wconf 89' lang='grc' dir='ltr'>Ιο-</span> 
     </span>
     <span class='ocr_line' id='line_1_29' title="bbox 28 2828 1035 2899; baseline -0.001 -16"><span class='ocrx_word' id='word_1_220' title='bbox 28 2832 87 2883; x_wconf 91' lang='lat' dir='ltr'>tum</span> <span class='ocrx_word' id='word_1_221' title='bbox 109 2829 147 2895; x_wconf 83' lang='lat' dir='ltr'>G,</span> <span class='ocrx_word' id='word_1_222' title='bbox 166 2828 298 2882; x_wconf 75' lang='lat' dir='ltr'>lociume&#39;</span> <span class='ocrx_word' id='word_1_223' title='bbox 324 2832 334 2898; x_wconf 96' lang='grc' dir='ltr'>ΙΙ</span> <span class='ocrx_word' id='word_1_224' title='bbox 362 2830 523 2898; x_wconf 74' lang='lat' dir='ltr'>tpartrbus</span> <span class='ocrx_word' id='word_1_225' title='bbox 543 2846 632 2899; x_wconf 90' lang='lat' dir='ltr'>aquae</span> <span class='ocrx_word' id='word_1_226' title='bbox 651 2829 706 2883; x_wconf 76' lang='lat' dir='ltr'>SE</span> <span class='ocrx_word' id='word_1_227' title='bbox 727 2832 736 2898; x_wconf 96' lang='grc' dir='ltr'>ΙΙ</span> <span class='ocrx_word' id='word_1_228' title='bbox 760 2834 774 2882; x_wconf 79' lang='grc'><strong>7</strong></span> <span class='ocrx_word' id='word_1_229' title='bbox 798 2829 879 2882; x_wconf 88' lang='lat' dir='ltr'>furno</span> <span class='ocrx_word' id='word_1_230' title='bbox 902 2829 1035 2883; x_wconf 77' lang='lat' dir='ltr'><em>VS²TE</em></span> 
     </span>
     <span class='ocr_line' id='line_1_30' title="bbox 28 2899 1031 2971; baseline -0.002 -17"><span class='ocrx_word' id='word_1_231' title='bbox 28 2901 120 2970; x_wconf 76' lang='lat' dir='ltr'>iacps</span> <span class='ocrx_word' id='word_1_232' title='bbox 134 2907 159 2954; x_wconf 84' lang='lat' dir='ltr'>et</span> <span class='ocrx_word' id='word_1_233' title='bbox 171 2901 211 2953; x_wconf 82' lang='lat' dir='ltr'>cic</span> <span class='ocrx_word' id='word_1_234' title='bbox 223 2901 334 2968; x_wconf 78' lang='lat' dir='ltr'>saepias</span> <span class='ocrx_word' id='word_1_235' title='bbox 349 2903 353 2969; x_wconf 94' lang='grc' dir='ltr'>Ι</span> <span class='ocrx_word' id='word_1_236' title='bbox 370 2903 420 2954; x_wconf 87' lang='lat' dir='ltr'>aut</span> <span class='ocrx_word' id='word_1_237' title='bbox 429 2917 478 2955; x_wconf 87' lang='lat' dir='ltr'>om.</span> <span class='ocrx_word' id='word_1_238' title='bbox 491 2918 553 2971; x_wconf 78' lang='lat' dir='ltr'>eps,</span> <span class='ocrx_word' id='word_1_239' title='bbox 573 2904 601 2954; x_wconf 93' lang='lat' dir='ltr'>et</span> <span class='ocrx_word' id='word_1_240' title='bbox 614 2916 686 2953; x_wconf 92' lang='lat' dir='ltr'>max.</span> <span class='ocrx_word' id='word_1_241' title='bbox 701 2901 761 2954; x_wconf 82' lang='lat' dir='ltr'>bob.</span> <span class='ocrx_word' id='word_1_242' title='bbox 772 2901 783 2953; x_wconf 78' lang='lat' dir='ltr'>i</span> <span class='ocrx_word' id='word_1_243' title='bbox 796 2903 805 2969; x_wconf 94' lang='grc' dir='ltr'>ΙΙ</span> <span class='ocrx_word' id='word_1_244' title='bbox 819 2905 834 2952; x_wconf 84' lang='grc'>8</span> <span class='ocrx_word' id='word_1_245' title='bbox 850 2899 987 2953; x_wconf 82' lang='lat' dir='ltr'>oleastrae</span> <span class='ocrx_word' id='word_1_246' title='bbox 997 2902 1031 2968; x_wconf 90' lang='lat' dir='ltr'>L,</span> 
     </span>
     <span class='ocr_line' id='line_1_31' title="bbox 28 2970 1031 3041; baseline 0 -17"><span class='ocrx_word' id='word_1_247' title='bbox 28 2971 149 3024; x_wconf 87' lang='lat' dir='ltr'>oleaster</span> <span class='ocrx_word' id='word_1_248' title='bbox 173 2973 202 3024; x_wconf 89' lang='lat' dir='ltr'>et</span> <span class='ocrx_word' id='word_1_249' title='bbox 227 2971 257 3023; x_wconf 87' lang='grc' dir='ltr'><em>Ε</em></span> <span class='ocrx_word' id='word_1_250' title='bbox 289 2973 293 3039; x_wconf 93' lang='grc' dir='ltr'>Ι</span> <span class='ocrx_word' id='word_1_251' title='bbox 327 2971 435 3041; x_wconf 89' lang='lat' dir='ltr'>epirum</span> <span class='ocrx_word' id='word_1_252' title='bbox 453 2972 596 3040; x_wconf 79' lang='lat' dir='ltr'>PSGFi,</span> <span class='ocrx_word' id='word_1_253' title='bbox 625 2987 740 3041; x_wconf 76' lang='lat' dir='ltr'>epyrum</span> <span class='ocrx_word' id='word_1_254' title='bbox 762 2972 794 3039; x_wconf 80' lang='lat' dir='ltr'>V,</span> <span class='ocrx_word' id='word_1_255' title='bbox 819 2970 910 3040; x_wconf 91' lang='lat' dir='ltr'>pirum</span> <span class='ocrx_word' id='word_1_256' title='bbox 929 2972 1031 3038; x_wconf 77' lang='grc' dir='ltr'><em>ΕΕΤ,</em></span> 
     </span>
     <span class='ocr_line' id='line_1_32' title="bbox 28 3040 1032 3113; baseline -0.001 -19"><span class='ocrx_word' id='word_1_257' title='bbox 28 3058 146 3095; x_wconf 88' lang='lat' dir='ltr'>cuneum</span> <span class='ocrx_word' id='word_1_258' title='bbox 164 3060 183 3095; x_wconf 85' lang='lat' dir='ltr'>a</span> <span class='ocrx_word' id='word_1_259' title='bbox 198 3046 202 3111; x_wconf 97' lang='grc' dir='ltr'>Ι</span> <span class='ocrx_word' id='word_1_260' title='bbox 218 3040 297 3112; x_wconf 88' lang='lat' dir='ltr'>infigi</span> <span class='ocrx_word' id='word_1_261' title='bbox 316 3044 396 3113; x_wconf 86' lang='grc' dir='ltr'>ΕΙΙ9</span> <span class='ocrx_word' id='word_1_262' title='bbox 417 3041 570 3096; x_wconf 90' lang='lat' dir='ltr'>adliniatur</span> <span class='ocrx_word' id='word_1_263' title='bbox 588 3043 619 3095; x_wconf 90' lang='grc' dir='ltr'><em>Ε</em></span> <span class='ocrx_word' id='word_1_264' title='bbox 636 3046 645 3112; x_wconf 96' lang='grc' dir='ltr'>ΙΙ</span> <span class='ocrx_word' id='word_1_265' title='bbox 667 3048 700 3095; x_wconf 88' lang='grc'>14</span> <span class='ocrx_word' id='word_1_266' title='bbox 719 3040 857 3111; x_wconf 85' lang='lat' dir='ltr'>incipiant</span> <span class='ocrx_word' id='word_1_267' title='bbox 875 3041 913 3096; x_wconf 72' lang='lat' dir='ltr'>S*</span> <span class='ocrx_word' id='word_1_268' title='bbox 933 3043 936 3113; x_wconf 96' lang='grc' dir='ltr'>Ι</span> <span class='ocrx_word' id='word_1_269' title='bbox 953 3059 1032 3111; x_wconf 87' lang='lat' dir='ltr'>gum-</span> 
     </span>
     <span class='ocr_line' id='line_1_33' title="bbox 28 3111 1032 3185; baseline -0.002 -19"><span class='ocrx_word' id='word_1_270' title='bbox 28 3129 89 3166; x_wconf 90' lang='lat' dir='ltr'>mae</span> <span class='ocrx_word' id='word_1_271' title='bbox 108 3113 150 3181; x_wconf 72' lang='lat'>8¹,</span> <span class='ocrx_word' id='word_1_272' title='bbox 169 3129 280 3182; x_wconf 80' lang='lat' dir='ltr'>gummc</span> <span class='ocrx_word' id='word_1_273' title='bbox 298 3114 339 3183; x_wconf 82' lang='lat' dir='ltr'>E,</span> <span class='ocrx_word' id='word_1_274' title='bbox 359 3130 461 3185; x_wconf 87' lang='lat' dir='ltr'>gumen</span> <span class='ocrx_word' id='word_1_275' title='bbox 480 3114 602 3184; x_wconf 77' lang='lat' dir='ltr'>Pc’acps</span> <span class='ocrx_word' id='word_1_276' title='bbox 621 3115 630 3183; x_wconf 94' lang='grc' dir='ltr'>ΙΙ</span> <span class='ocrx_word' id='word_1_277' title='bbox 655 3119 684 3166; x_wconf 79' lang='lat'>15</span> <span class='ocrx_word' id='word_1_278' title='bbox 703 3112 817 3166; x_wconf 87' lang='lat' dir='ltr'>lacrimo</span> <span class='ocrx_word' id='word_1_279' title='bbox 835 3113 866 3165; x_wconf 93' lang='grc' dir='ltr'><em>Ε</em></span> <span class='ocrx_word' id='word_1_280' title='bbox 880 3114 884 3183; x_wconf 95' lang='grc' dir='ltr'>Ι</span> <span class='ocrx_word' id='word_1_281' title='bbox 900 3111 1032 3165; x_wconf 85' lang='lat' dir='ltr'>inseritur</span> 
     </span>
     <span class='ocr_line' id='line_1_34' title="bbox 28 3182 1031 3265; baseline -0.001 -29"><span class='ocrx_word' id='word_1_282' title='bbox 28 3187 122 3238; x_wconf 84' lang='lat' dir='ltr'>autem</span> <span class='ocrx_word' id='word_1_283' title='bbox 144 3183 231 3265; x_wconf 63' lang='lat' dir='ltr'>Tlin</span> <span class='ocrx_word' id='word_1_284' title='bbox 249 3184 356 3254; x_wconf 91' lang='lat' dir='ltr'>persico</span> <span class='ocrx_word' id='word_1_285' title='bbox 376 3189 404 3239; x_wconf 90' lang='lat' dir='ltr'>et</span> <span class='ocrx_word' id='word_1_286' title='bbox 422 3183 571 3254; x_wconf 86' lang='lat' dir='ltr'>amygdalo</span> <span class='ocrx_word' id='word_1_287' title='bbox 595 3186 623 3237; x_wconf 88' lang='lat' dir='ltr'>et</span> <span class='ocrx_word' id='word_1_288' title='bbox 645 3182 719 3237; x_wconf 91' lang='lat' dir='ltr'>malo</span> <span class='ocrx_word' id='word_1_289' title='bbox 735 3201 757 3252; x_wconf 85' lang='lat' dir='ltr'>p</span> <span class='ocrx_word' id='word_1_290' title='bbox 776 3186 785 3253; x_wconf 95' lang='grc' dir='ltr'>ΙΙ</span> <span class='ocrx_word' id='word_1_291' title='bbox 807 3189 839 3236; x_wconf 87' lang='grc'>16</span> <span class='ocrx_word' id='word_1_292' title='bbox 860 3183 1031 3253; x_wconf 86' lang='lat' dir='ltr'>amigdalum</span> 
     </span>
     <span class='ocr_line' id='line_1_35' title="bbox 31 3253 1028 3326; baseline 0 -19"><span class='ocrx_word' id='word_1_293' title='bbox 31 3255 84 3310; x_wconf 83' lang='lat' dir='ltr'>VS</span> <span class='ocrx_word' id='word_1_294' title='bbox 95 3258 104 3324; x_wconf 96' lang='grc' dir='ltr'>ΙΙ</span> <span class='ocrx_word' id='word_1_295' title='bbox 120 3260 153 3308; x_wconf 87' lang='grc'>18</span> <span class='ocrx_word' id='word_1_296' title='bbox 168 3255 276 3309; x_wconf 84' lang='lat' dir='ltr'>srociori</span> <span class='ocrx_word' id='word_1_297' title='bbox 290 3257 321 3309; x_wconf 90' lang='grc' dir='ltr'><em>Ε</em></span> <span class='ocrx_word' id='word_1_298' title='bbox 335 3260 338 3326; x_wconf 97' lang='grc' dir='ltr'>Ι</span> <span class='ocrx_word' id='word_1_299' title='bbox 356 3256 506 3325; x_wconf 87' lang='lat' dir='ltr'>dispositas</span> <span class='ocrx_word' id='word_1_300' title='bbox 522 3255 555 3324; x_wconf 84' lang='lat' dir='ltr'>G,</span> <span class='ocrx_word' id='word_1_301' title='bbox 575 3254 702 3324; x_wconf 89' lang='lat' dir='ltr'>deposita</span> <span class='ocrx_word' id='word_1_302' title='bbox 716 3256 727 3307; x_wconf 77' lang='lat' dir='ltr'>i</span> <span class='ocrx_word' id='word_1_303' title='bbox 740 3257 749 3323; x_wconf 97' lang='grc' dir='ltr'>ΙΙ</span> <span class='ocrx_word' id='word_1_304' title='bbox 764 3260 796 3306; x_wconf 86' lang='grc'>19</span> <span class='ocrx_word' id='word_1_305' title='bbox 811 3256 843 3307; x_wconf 90' lang='lat' dir='ltr'>ut</span> <span class='ocrx_word' id='word_1_306' title='bbox 852 3271 905 3322; x_wconf 82' lang='lat' dir='ltr'>pro</span> <span class='ocrx_word' id='word_1_307' title='bbox 919 3253 966 3307; x_wconf 91' lang='lat' dir='ltr'>uel</span> <span class='ocrx_word' id='word_1_308' title='bbox 980 3255 1028 3326; x_wconf 87' lang='grc' dir='ltr'>ΕἸ</span> 
     </span>
     <span class='ocr_line' id='line_1_36' title="bbox 28 3324 1031 3398; baseline 0.001 -20"><span class='ocrx_word' id='word_1_309' title='bbox 28 3325 55 3378; x_wconf 88' lang='lat' dir='ltr'>in</span> <span class='ocrx_word' id='word_1_310' title='bbox 68 3326 162 3379; x_wconf 90' lang='lat' dir='ltr'>muria</span> <span class='ocrx_word' id='word_1_311' title='bbox 175 3343 224 3380; x_wconf 78' lang='lat' dir='ltr'>om.</span> <span class='ocrx_word' id='word_1_312' title='bbox 235 3327 271 3394; x_wconf 78' lang='lat' dir='ltr'>F,</span> <span class='ocrx_word' id='word_1_313' title='bbox 291 3326 343 3398; x_wconf 85' lang='lat' dir='ltr'>[in]</span> <span class='ocrx_word' id='word_1_314' title='bbox 358 3326 448 3380; x_wconf 90' lang='lat' dir='ltr'>muria</span> <span class='ocrx_word' id='word_1_315' title='bbox 461 3328 521 3380; x_wconf 82' lang='lat' dir='ltr'>hab.</span> <span class='ocrx_word' id='word_1_316' title='bbox 532 3344 592 3397; x_wconf 70' lang='lat' dir='ltr'>cqc,</span> <span class='ocrx_word' id='word_1_317' title='bbox 612 3342 686 3393; x_wconf 90' lang='lat' dir='ltr'>aqua</span> <span class='ocrx_word' id='word_1_318' title='bbox 696 3343 749 3393; x_wconf 85' lang='lat' dir='ltr'>pro</span> <span class='ocrx_word' id='word_1_319' title='bbox 762 3324 854 3377; x_wconf 90' lang='lat' dir='ltr'>muria</span> <span class='ocrx_word' id='word_1_320' title='bbox 859 3342 881 3393; x_wconf 82' lang='lat' dir='ltr'>p</span> <span class='ocrx_word' id='word_1_321' title='bbox 892 3326 895 3396; x_wconf 95' lang='grc' dir='ltr'>Ι</span> <span class='ocrx_word' id='word_1_322' title='bbox 907 3325 1031 3379; x_wconf 87' lang='lat' dir='ltr'>recentia</span> 
     </span>
     <span class='ocr_line' id='line_1_37' title="bbox 28 3395 1048 3533; baseline -0.001 -82"><span class='ocrx_word' id='word_1_323' title='bbox 28 3397 62 3466; x_wconf 89' lang='grc' dir='ltr'>Ε,</span> <span class='ocrx_word' id='word_1_324' title='bbox 76 3400 203 3451; x_wconf 87' lang='lat' dir='ltr'>recenter</span> <span class='ocrx_word' id='word_1_325' title='bbox 216 3416 234 3452; x_wconf 85' lang='lat' dir='ltr'>a</span> <span class='ocrx_word' id='word_1_326' title='bbox 247 3401 256 3467; x_wconf 94' lang='grc' dir='ltr'>ΙΙ</span> <span class='ocrx_word' id='word_1_327' title='bbox 271 3404 305 3450; x_wconf 78' lang='lat'>20</span> <span class='ocrx_word' id='word_1_328' title='bbox 318 3398 392 3452; x_wconf 90' lang='lat' dir='ltr'>lecta</span> <span class='ocrx_word' id='word_1_329' title='bbox 406 3415 456 3453; x_wconf 85' lang='lat' dir='ltr'>om.</span> <span class='ocrx_word' id='word_1_330' title='bbox 471 3399 501 3451; x_wconf 94' lang='grc' dir='ltr'><em>Ε</em></span> <span class='ocrx_word' id='word_1_331' title='bbox 512 3400 522 3467; x_wconf 94' lang='grc' dir='ltr'>ΙΙ</span> <span class='ocrx_word' id='word_1_332' title='bbox 536 3403 568 3450; x_wconf 80' lang='lat'>21</span> <span class='ocrx_word' id='word_1_333' title='bbox 586 3399 636 3449; x_wconf 91' lang='lat' dir='ltr'>aut</span> <span class='ocrx_word' id='word_1_334' title='bbox 650 3397 707 3450; x_wconf 89' lang='lat' dir='ltr'>sole</span> <span class='ocrx_word' id='word_1_335' title='bbox 721 3397 748 3449; x_wconf 86' lang='lat' dir='ltr'><em>L</em></span> <span class='ocrx_word' id='word_1_336' title='bbox 763 3397 767 3466; x_wconf 96' lang='grc' dir='ltr'>Ι</span> <span class='ocrx_word' id='word_1_337' title='bbox 784 3395 889 3450; x_wconf 85' lang='lat' dir='ltr'>siccare</span> <span class='ocrx_word' id='word_1_338' title='bbox 907 3396 1014 3451; x_wconf 79' lang='lat' dir='ltr'>V¹s¹E</span> <span class='ocrx_word' id='word_1_339' title='bbox 1021 3397 1048 3533; x_wconf 59' lang='grc' dir='ltr'>ΙΙ</span> 
     </span>
     <span class='ocr_line' id='line_1_38' title="bbox 28 3467 1010 3539; baseline -0.003 -18"><span class='ocrx_word' id='word_1_340' title='bbox 28 3473 60 3521; x_wconf 79' lang='grc'>22</span> <span class='ocrx_word' id='word_1_341' title='bbox 80 3468 121 3521; x_wconf 90' lang='lat' dir='ltr'>De</span> <span class='ocrx_word' id='word_1_342' title='bbox 140 3467 280 3522; x_wconf 82' lang='lat' dir='ltr'>Castanea</span> <span class='ocrx_word' id='word_1_343' title='bbox 297 3471 459 3539; x_wconf 87' lang='lat' dir='ltr'>(castanea)</span> <span class='ocrx_word' id='word_1_344' title='bbox 477 3471 528 3523; x_wconf 77' lang='lat' dir='ltr'>ius.</span> <span class='ocrx_word' id='word_1_345' title='bbox 548 3470 602 3522; x_wconf 80' lang='lat' dir='ltr'>iac</span> <span class='ocrx_word' id='word_1_346' title='bbox 631 3469 638 3539; x_wconf 94' lang='grc' dir='ltr'>Ι</span> <span class='ocrx_word' id='word_1_347' title='bbox 664 3469 816 3520; x_wconf 87' lang='lat' dir='ltr'>nascantur</span> <span class='ocrx_word' id='word_1_348' title='bbox 842 3467 887 3533; x_wconf 81' lang='grc' dir='ltr'>Ε,</span> <span class='ocrx_word' id='word_1_349' title='bbox 907 3484 962 3520; x_wconf 77' lang='lat' dir='ltr'>cn.</span> <span class='ocrx_word' id='word_1_350' title='bbox 980 3469 1010 3518; x_wconf 76' lang='lat' dir='ltr'>n</span> 
     </span>
    </p>
   </div>
   <div class='ocr_carea' id='block_1_4' title="bbox 28 3540 920 3685">
    <p class='ocr_par' dir='ltr' id='par_1_5' title="bbox 28 3540 920 3685">
     <span class='ocr_line' id='line_1_39' title="bbox 28 3540 801 3615; baseline 0.004 -25"><span class='ocrx_word' id='word_1_351' title='bbox 28 3545 59 3592; x_wconf 75' lang='lat'>25</span> <span class='ocrx_word' id='word_1_352' title='bbox 78 3555 144 3606; x_wconf 83' lang='lat' dir='ltr'>ergo</span> <span class='ocrx_word' id='word_1_353' title='bbox 162 3556 210 3592; x_wconf 87' lang='lat' dir='ltr'>om.</span> <span class='ocrx_word' id='word_1_354' title='bbox 233 3542 280 3613; x_wconf 76' lang='grc' dir='ltr'>θΙ</span> <span class='ocrx_word' id='word_1_355' title='bbox 295 3540 437 3596; x_wconf 84' lang='lat' dir='ltr'>castaneis</span> <span class='ocrx_word' id='word_1_356' title='bbox 457 3540 516 3597; x_wconf 88' lang='lat' dir='ltr'>suis</span> <span class='ocrx_word' id='word_1_357' title='bbox 534 3560 553 3614; x_wconf 86' lang='lat' dir='ltr'>p</span> <span class='ocrx_word' id='word_1_358' title='bbox 567 3543 691 3615; x_wconf 73' lang='lat' dir='ltr'>linense</span> <span class='ocrx_word' id='word_1_359' title='bbox 708 3555 801 3607; x_wconf 77' lang='lat' dir='ltr'>omp</span> 
     </span>
     <span class='ocr_line' id='line_1_40' title="bbox 64 3625 920 3685; baseline 0.016 -12"><span class='ocrx_word' id='word_1_360' title='bbox 64 3637 208 3677; x_wconf 70' lang='lat' dir='ltr'>annsorvs</span> <span class='ocrx_word' id='word_1_361' title='bbox 222 3640 256 3680; x_wconf 80' lang='lat' dir='ltr'>ed.</span> <span class='ocrx_word' id='word_1_362' title='bbox 272 3641 408 3685; x_wconf 81' lang='lat' dir='ltr'>Schmitt.</span> <span class='ocrx_word' id='word_1_363' title='bbox 876 3625 920 3674; x_wconf 56' lang='lat' dir='ltr'>&amp;b</span> 
     </span>
    </p>
   </div>
   <div class='ocr_carea' id='block_1_5' title="bbox 0 0 1194 3832">
    <p class='ocr_par' dir='ltr' id='par_1_6' title="bbox 0 0 1194 3832">
     <span class='ocr_line' id='line_1_41' title="bbox 0 0 1194 3832; baseline 0 0"><span class='ocrx_word' id='word_1_364' title='bbox 0 0 1194 3832; x_wconf 95' lang='lat' dir='ltr'> </span> 
     </span>
    </p>
   </div>
  </div>
 </body>
</html>
