2378 3832
432 177 550 234 naulo.
565 178 617 232 XII
629 185 699 233 4-‘1
1002 180 1066 245 237

53 324 149 410 pulla
163 323 228 390 seri
246 326 356 407 potest
369 327 404 388 et
423 325 616 388 carduorum
633 325 748 408 planta
765 324 895 410 disponi
912 330 947 390 et
965 348 1069 391 armo-

54 435 151 480 raeea
174 411 296 478 seritur
319 415 352 478 et
375 412 498 477 cunela.

384 684 389 694 -
450 643 510 709 DE
535 642 678 710 POMIS.

126 767 199 835 Hoc
223 790 331 834 mense
355 768 435 833 locis
464 768 591 851 calidis,
620 768 735 833 ceteris
766 790 843 833 uero
872 769 1018 835 ianuario
1056 770 1122 836 VII

21 887 42 929 a
57 857 179 943 persici
201 878 277 923 ossa
298 857 333 922 in
355 857 529 942 pastinatis
553 857 637 922 areis
666 861 742 921 sunt
769 858 916 942 ponenda
940 859 1025 924 binis
1050 881 1070 924 a

58 969 94 1011 re
117 945 253 1031 pedibus
276 951 441 1033 separata,
464 950 514 1032 ut,
537 968 611 1011 cum
633 945 681 1011 ibi
702 947 835 1031 plantae
858 947 1069 1031 exercuerint,

56 1034 306 1100 transferantur.
352 1036 408 1100 sed
437 1057 513 1100 ossa
541 1039 706 1120 ponantur
739 1036 886 1100 acumine
918 1037 1069 1101 deorsum

56 1146 154 1189 uerso
177 1128 211 1189 et
232 1146 300 1190 non
322 1124 463 1209 amplius
487 1146 585 1208 quam
604 1124 730 1189 dnobus
750 1128 807 1188 aut
825 1124 931 1190 tribus
949 1126 1069 1209 palmis

59 1212 249 1279 obruantur.
296 1235 371 1280 ossa
393 1235 481 1297 uero,
505 1234 586 1297 quae
605 1213 753 1297 ponenda
777 1218 863 1297 sunt,
886 1214 987 1298 aliqui
1011 1213 1070 1279 sic-

16 1331 45 1373 ιο
60 1305 135 1367 cata
158 1303 249 1386 prius
272 1303 383 1388 paucis
408 1301 520 1367 diebus
540 1302 657 1367 cineris
680 1301 836 1367 mixtione
853 1307 943 1368 terra
961 1304 1070 1368 soluta

58 1390 95 1455 in
117 1391 223 1474 qualis
246 1396 423 1457 reseruant.
466 1412 526 1477 ego
550 1413 628 1456 uero
652 1392 817 1477 usquead
841 1392 966 1456 serendi
990 1397 1070 1456 tem-

57 1501 121 1564 pus
145 1481 215 1544 sine
237 1480 304 1545 ulla
327 1503 403 1546 cura
427 1502 522 1566 saepe
550 1481 686 1545 seruaui.
733 1480 814 1546 locis
838 1481 968 1564 quidem
991 1482 1113 1565 qna-2

58 1569 286 1652 libuscnmque
313 1569 518 1654 proueniunt.
563 1569 619 1633 sed
647 1573 680 1634 et
706 1568 813 1654 pomis
841 1574 874 1634 et
900 1569 1069 1636 frondibus

59 1661 94 1722 et
126 1656 335 1722 durabilitate
366 1657 540 1743 praecipua
573 1663 663 1744 sunt,
699 1659 727 1724 si
764 1660 889 1725 caelum
922 1659 1070 1744 calidum,

18 1775 46 1817 ιι
59 1745 167 1812 solum
185 1746 381 1812 harenosum
405 1751 438 1811 et
456 1748 603 1812 umidum
626 1749 820 1830 sortiantur:
843 1748 973 1833 frigidis
992 1772 1069 1814 uero

60 1839 95 1900 et
117 1836 256 1901 maxime
279 1835 440 1922 uentosis‚
465 1837 530 1902 nisi
559 1834 689 1902 obiectu
713 1838 823 1922 aliquo
847 1838 1071 1926 defendantur,

58 1924 233 1989 intereunt.
279 1924 356 1989 dnm
386 1929 498 1990 tenera
527 1929 604 1991 sunt
634 1927 793 2011 germina,
829 1947 923 2012 saepe
959 1926 1069 1994 herbis

60 2014 273 2080 circumfossa
295 2013 483 2080 liberentur.
528 2013 650 2078 bimam
678 2015 825 2099 plantam
851 2019 938 2080 recte
967 2019 1071 2081 trans-

60 2101 201 2168 feremus
232 2105 346 2169 scrobe
375 2103 476 2168 breui.
521 2124 580 2167 nec
609 2125 628 2167 a
655 2125 689 2167 se
717 2103 848 2188 longius
880 2105 1070 2170 statuendae

19 2221 47 2262 η
61 2195 151 2270 sunt,
180 2196 219 2257 ut
247 2192 388 2257 inuicem
418 2215 451 2257 se
482 2215 501 2256 a
531 2190 637 2256 calore
667 2191 744 2256 solis
775 2196 937 2257 excusent.
984 2192 1114 2260 abla3

61 2281 227 2364 queandae
258 2286 335 2346 sunt
367 2304 425 2365 per
457 2285 650 2345 autumnum
682 2285 716 2345 et
746 2281 812 2345 suis
841 2281 1070 2347 stercorandae

60 2368 158 2435 foliis.
194 2369 339 2455 putanda
361 2370 506 2454 persicus
530 2368 564 2433 in
587 2391 625 2434 eo
650 2375 707 2454 est,
730 2373 768 2433 ut
791 2370 880 2435 arida
904 2374 937 2434 et
958 2371 1070 2455 putria

61 2462 190 2523 tantum
212 2458 358 2545 uirgulta
380 2460 552 2524 tollantur:
575 2481 652 2523 nam
676 2457 800 2542 siquid
822 2458 926 2524 uiride
950 2483 1071 2527 reseca

62 2569 144 2631 mus,
163 2548 289 2613 arescit.
317 2548 485 2632 languenti
504 2547 614 2612 arbori
632 2548 752 2612 ueteris
775 2546 844 2612 uini
862 2548 948 2614 feces
967 2572 1069 2634 aquae

22 2662 48 2703 ss
63 2635 181 2700 mixtas
205 2640 335 2720 oportet
362 2636 496 2702 infundi.
543 2636 789 2701 adfirmantibus
812 2635 944 2702 Graecis
971 2641 1070 2722 persi-

64 2745 120 2788 cus
144 2723 266 2809 scripta
287 2729 447 2810 nascetur,
471 2725 499 2789 si
523 2747 597 2790 ossa
621 2726 689 2791 eius
709 2726 827 2791 obruas
847 2730 880 2790 et
902 2731 978 2810 post
1002 2750 1071 2812 sep·

63 2816 131 2877 tem
154 2813 236 2899 dies,
259 2815 315 2879 ubi
338 2813 487 2898 patefieri
511 2815 689 2899 coeperint,
718 2816 839 2900 apertis
862 2815 914 2879 his
937 2816 1070 2882 nucleos

62 2901 161 2966 tollas
185 2907 218 2966 et
239 2902 292 2967 his
316 2903 497 2987 cinnabari,
520 2904 607 2987 quod
629 2902 760 2990 libebit,
781 2904 949 2969 inscribas.
995 2928 1071 2970 mox

136 3118 149 3165 1
169 3111 400 3182 potest-cunels
417 3129 467 3167 om.
484 3113 689 3183 plcarplanta
707 3116 737 3167 E
749 3117 788 3184 113
807 3115 848 3168 De
866 3115 983 3183 persicis
1001 3114 1049 3169 E²

64 3187 80 3236 6
94 3182 215 3252 pastinis
231 3184 257 3238 G
273 3186 276 3255 1
293 3183 374 3238 bonis
384 3184 411 3238 L
423 3186 433 3253 11
447 3190 463 3238 6
477 3183 515 3238 Et
524 3201 578 3254 pro
592 3186 625 3237 ut
638 3186 650 3238 i
662 3188 672 3256 11
687 3191 701 3238 7
716 3185 902 3239 transferatur
912 3188 969 3240 PL
979 3187 1048 3240 1⁷¹6

63 3258 80 3308 8
99 3253 197 3323 digitis
212 3272 265 3324 pro
282 3254 385 3324 palmis
404 3272 462 3325 acp
475 3257 485 3325 11
500 3262 532 3309 12
552 3255 650 3309 curaui
667 3257 690 3312 S
697 3257 743 3310 ¹E
760 3259 769 3325 11
790 3263 823 3311 18
843 3256 1007 3311 ciriumfusa
1020 3258 1051 3311 E

62 3324 163 3379 Binam
173 3326 204 3379 E
215 3328 224 3396 11
240 3332 272 3380 19
286 3342 322 3380 ne
336 3326 394 3381 PL
402 3328 437 3394 Τ,
452 3343 542 3394 neque
556 3326 647 3381 SEF
660 3328 664 3399 1
680 3328 763 3398 longe
777 3329 932 3402 ioc93l122
943 3329 1024 3382 edem

64 3400 199 3452 autumno
218 3415 293 3468 arpa
309 3399 313 3466 1
329 3396 445 3478 putrida
468 3398 632 3468 VFEicps
645 3401 655 3469 11
668 3405 702 3453 23
720 3415 895 3454 recensemus
910 3401 940 3453 E
952 3403 962 3469 11
976 3406 1009 3454 21
1024 3373 1072 3455 ue3

63 3467 117 3595 ilfi
138 3469 164 3524 G
182 3470 238 3537 1126
257 3485 352 3539 gregis
369 3470 397 3523 L
417 3472 426 3538 l
449 3475 483 3522 26
501 3469 602 3523 obruas
623 3471 715 3543 Τ126
735 3487 784 3525 sex
801 3471 863 3526 dies
884 3473 926 3538 Tx
943 3471 1008 3523 dies
1021 3471 1082 3521 W.

96 3555 166 3608 seps
