2378 3832
124 153 168 218 64
545 154 714 208 PALLADII

125 323 276 383 caucana,
300 322 357 384 per
381 323 479 385 quam
501 301 635 367 noxium
658 301 793 366 desudet
816 322 974 380 umorem,
996 301 1049 365 uel
1072 322 1129 365 me·

125 391 197 454 dius
220 394 356 454 truncus
378 390 561 455 terebretur
586 394 619 454 et
643 412 762 455 cuneus
785 388 869 474 ligni
892 389 989 454 melle
1013 389 1130 455 oblitus

125 479 321 564 inprimatur
351 479 405 542 uel
438 479 466 543 si
498 479 584 543 circa
615 479 739 543 radices
768 478 902 543 suillum
930 482 1058 544 stercus
1085 479 1131 544 ad·

76 566 253 634 12fundas.
291 567 464 653 amygdala
485 568 717 653 adlegandum
736 567 961 632 maturitatem
979 567 1132 652 fatentur,

127 679 200 721 oum
222 656 345 720 fuerint
366 657 507 741 spoliata
526 657 712 722 corticibus.
749 656 829 721 haec
847 655 917 721 sine
937 679 1018 722 cura
1033 655 1133 722 homi·
1153 684 1163 724 a

126 745 177 810 nis
203 749 374 810 seruantur
395 746 430 810 in
453 745 596 830 longum.
633 746 662 810 si
686 745 860 811 difficulter
883 746 1010 810 corium
1029 745 1134 810 dimit·

126 838 208 917 tent,
225 834 327 918 paleis
343 836 460 899 obruta
474 835 628 899 continuo
644 835 844 899 relaxabunt.
866 835 948 899 item
961 835 1135 918 decoriata

127 924 156 987 si
184 945 269 1007 aqua
296 925 422 988 marina
447 924 598 988 lauemus.
620 928 678 988 aut
700 922 799 1003 salsa,
827 926 860 987 et
887 921 1025 988 candida
1052 924 1136 989 fiunt

127 1018 161 1076 ot
192 1013 370 1097 plurimum
402 1013 528 1076 durant.
574 1035 683 1078 mense
716 1011 879 1077 decembri
906 1012 959 1077 uel
988 1011 1136 1078 ianuario

128 1101 214 1167 eirca
237 1102 309 1167 idus
333 1101 525 1186 amygdalus
551 1101 721 1184 inseritur>
743 1101 824 1166 locis
847 1123 926 1166 uero
949 1100 1083 1187 frigidis
1106 1105 1171 1170 eto

128 1191 302 1258 februario.
346 1189 373 1255 si
397 1196 506 1255 tamen
530 1190 676 1255 surculos
700 1191 845 1275 condies,
868 1194 1049 1276 antequam·
1070 1212 1139 1277 ger·

75 1280 263 1365 13minent‚
285 1280 383 1344 utiles
407 1284 493 1358 sunt,
516 1280 572 1362 qui
596 1280 634 1344 de
658 1280 845 1345 summitate
868 1284 1052 1345 sumuntur.
1090 1280 1139 1345 in-

128 1369 249 1434 seritur
273 1373 305 1432 et
330 1370 390 1433 sub
414 1369 534 1433 cortice
558 1367 648 1432 etin
671 1373 796 1432 trunco.
834 1368 1027 1433 inseruntur
1045 1368 1082 1433 in
1105 1391 1139 1434 se

128 1462 161 1521 ot
179 1459 214 1521 in
231 1457 367 1541 persico.
398 1455 513 1522 Graeci
533 1457 687 1522 adseer
704 1457 795 1521 nasci
814 1457 988 1542 amygdala
1007 1459 1140 1542 script-a,

129 1547 157 1610 si
180 1549 292 1630 aperta
314 1550 401 1610 testa
423 1547 597 1612 nuculeum
621 1568 736 1610 sanum
757 1545 856 1612 tollas
874 1549 908 1610 et
925 1547 964 1610 in
980 1568 1024 1612 eo·
1039 1547 1139 1631 quod·
1152 1574 1175 1615 rs

128 1635 209 1698 libet
237 1635 361 1699 scribas
389 1638 422 1699 et
448 1632 568 1700 iterum
594 1635 667 1700 luto
695 1639 728 1699 et
755 1635 891 1719 porcino
919 1640 1065 1701 stercore
1094 1637 1140 1702 in·

128 1724 278 1788 uolutum
302 1745 449 1806 reponas.

78 1817 119 1880 14
195 1810 290 1876 NVX
303 1811 507 1877 IVGLANS.
531 1811 656 1877 Nucem
672 1834 815 1877 aeremus
830 1817 976 1877 extremo
991 1813 1140 1880 ianuario

130 1901 181 1964 uel
204 1900 377 1967 februario.
424 1906 513 1965 amat
535 1903 606 1966 loca
629 1907 797 1986 montana,
821 1902 931 1965 umida
954 1906 987 1966 ot
1010 1901 1142 1989 frigida,

128 1991 319 2076 plerumque
343 1991 498 2074 lapidosa.
533 1996 645 2074 potest
665 1995 776 2055 tamen
794 1994 828 2056 et
846 1990 928 2056 locis
947 1993 1141 2076 temperatis
1154 2020 1179 2060 so

129 2079 261 2145 iuuante
289 2102 402 2144 umore
428 2078 557 2144 nutriri.
604 2080 738 2145 serenda
765 2083 815 2144 est
842 2079 980 2145 nucibus
1009 2080 1081 2146 suis
1104 2104 1142 2146 eo

129 2191 227 2252 more,
252 2191 316 2255 quo
340 2173 373 2233 et
397 2169 570 2254 amygdala
593 2173 753 2251 seruntur,
776 2173 809 2233 et
830 2168 945 2234 iisdem
963 2170 1143 2236 mansibus.

130 2257 158 2321 si
182 2281 262 2342 quas
285 2259 456 2323 nouembn'
480 2280 589 2322 mense
609 2258 769 2341 dispones,
793 2258 998 2342 aliquatenus
1018 2259 1053 2323 in
1073 2258 1143 2324 sele

78 2346 283 2429 lemmatis,
323 2352 360 2411 ut
396 2352 550 2413 exucetur
581 2346 715 2410 noxium
747 2347 837 2411 uirus
869 2347 1002 2412 umoris.
1059 2369 1143 2434 quas

130 2457 207 2498 uero
232 2436 336 2501 mensi
359 2437 505 2502 ianuario
528 2435 581 2500 uel
604 2433 768 2500 februario
791 2433 958 2521 positurus
982 2458 1032 2518 es,
1055 2459 1183 2522 aquaso

203 2668 217 2714 1
238 2661 336 2715 noxius
355 2663 454 2716 humor
473 2663 626 2732 exsudetp
646 2667 655 2732 ll
678 2669 693 2716 3
713 2662 738 2716 si
755 2665 819 2718 incl.
838 2681 892 2734 cys
907 2665 912 2735 Ι
929 2663 1068 2719 adfundes
1091 2666 1120 2721 G
1136 2668 1146 2735 ll

131 2740 146 2787 6
172 2731 319 2786 dimittant
341 2734 397 2788 SE
422 2737 430 2804 Η
459 2740 474 2788 8
500 2738 532 2788 ut
555 2735 634 2789 cand.
656 2735 699 2803 1⁷¹,
728 2738 778 2788 aut
801 2735 881 2789 cand.
901 2735 1011 2790 V'GE
1036 2737 1046 2806 ΙΙ
1074 2742 1091 2790 9
1116 2741 1147 2791 et

130 2805 188 2859 lan,
209 2805 280 2860 SEs
299 2807 308 2874 ΙΙ
327 2812 358 2858 11
379 2804 493 2860 condies
515 2807 548 2873 G,
568 2805 685 2876 colligas
705 2809 733 2859 et
751 2806 855 2859 condas
874 2809 909 2876 cll
929 2811 961 2860 12
980 2805 1147 2862 inseruntur

130 2879 224 2947 iocos
251 2879 259 2945 ll
289 2881 321 2928 13
345 2875 375 2929 in
393 2876 496 2931 cortice
518 2878 543 2930 T
565 2880 569 2945 Ι
594 2876 661 2931 inse.
681 2876 819 2946 inpersico
840 2878 867 2931 d
893 2880 902 2947 ss
930 2884 964 2931 14
983 2876 1093 2933 scribta
1113 2881 1145 2951 Q,

128 2966 180 3002 om.
193 2966 215 3017 p
228 2951 237 3017 ΙΙ
252 2955 285 3001 lo
303 2948 454 3003 nuculeum
472 2949 538 3016 PL,
556 2948 686 3002 nucleum
704 2950 783 3003 ceteri
799 2950 803 3018 Ι
820 2965 956 3003 cananum
972 2950 999 3002 L
1013 2951 1023 3018 ΙΙ
1038 2956 1075 3004 16·
1091 2949 1147 3005 ite-

129 3037 192 3073 rum
211 3019 337 3073 clausum
354 3020 415 3074 luto
434 3019 492 3074 V's
506 3023 515 3090 ll
530 3025 562 3073 18
582 3019 629 3072 DE
651 3019 820 3074 snssENDA
836 3018 933 3073 NVCE
948 3021 985 3088 E,
1003 3019 1084 3074 xv11
1103 3021 1146 3076 De

130 3107 201 3145 nuce
215 3090 345 3162 iuglandi
360 3091 395 3160 Ε,
410 3090 457 3143 ΒΕ
473 3091 551 3144 Nuce
565 3090 700 3172 iuglande
713 3092 733 3159 i,
748 3090 802 3144 Tit.
818 3090 889 3144 XVI.
908 3090 1017 3145 Nucem
1031 3090 1146 3162 iuglan-

132 3162 196 3216 dem
220 3181 250 3230 o,
274 3162 329 3216 Tit.
346 3162 417 3216 XVI.
445 3162 486 3215 De
508 3179 580 3216 nuce
603 3162 745 3233 ruglanda
783 3161 890 3216 Nucem
913 3161 1104 3236 [iuglandem]
1122 3183 1145 3232 c,

131 3234 197 3303 [Tit.
213 3234 297 3305 XVI.]
321 3233 429 3288 Nucem
451 3232 637 3305 [iuglandem]
656 3251 691 3303 ys
708 3236 717 3302 ΙΙ
737 3240 769 3286 19
791 3233 837 3287 uel
855 3232 1007 3289 Februario
1027 3251 1077 3290 om.
1095 3253 1119 3305 p
1138 3236 1149 3308 ΙΙ

132 3309 165 3355 22
190 3308 219 3358 et
236 3313 300 3360 onte
319 3305 471 3375 amygdala
489 3322 538 3359 om.
558 3306 599 3373 E,
618 3306 681 3359 lact.
701 3305 734 3374 sl
755 3302 864 3358 hisdem
883 3305 1034 3375 nomi,
1053 3305 1146 3361 isdem

132 3375 270 3446 Lern
284 3382 319 3430 23
343 3377 393 3431 sad
415 3394 485 3445 quas
508 3377 655 3447 TGccys,
680 3374 755 3439 Quas
770 3393 792 3444 p
808 3378 811 3444 Ι
827 3391 922 3429 mense
940 3377 1088 3430 nouembri
1107 3379 1146 3446 E,

132 3462 226 3499 mense
244 3463 294 3500 om.
311 3447 333 3502 S
338 3449 410 3576 Pp}
420 3447 544 3517 disponis
563 3464 652 3502 omues
670 3449 679 3517 ΙΙ
702 3453 736 3500 24
756 3449 889 3500 exuoetur
906 3447 963 3502 PL
972 3447 1037 3520 QF,
1061 3464 1146 3504 exua-

124 3518 173 3567 tur
196 3517 226 3585 V,
245 3521 369 3572 eruatur
411 3520 448 3589 E,
469 3517 613 3576 exiccetur
632 3517 812 3590 (exsiccatum
830 3519 910 3570 ceteri
