2378 3832
521 173 691 226 PALLADE

481 370 542 436 DE
565 369 734 437 HORTIS.

51 499 103 564 ΙΠ
171 495 244 560 Hoc
269 496 368 560 etiam
391 517 501 560 mense
524 495 641 560 ultimo
663 500 697 560 et
720 518 821 581 prope
844 517 922 560 uere
946 498 1111 561 hansacto

104 584 283 650 brassicam
311 605 417 648 serere
445 605 631 667 possumus,
659 607 741 668 quae
765 583 850 650 cauli
873 584 1013 669 semiet,
1040 584 1111 669 quia

106 695 217 758 cymae
240 678 370 757 tempus
393 673 513 737 amisit.
548 695 634 738 nunc
656 674 767 757 apium
788 673 871 738 bene
894 673 1018 738 seritur
1035 671 1111 738 locis

105 762 218 826 calidis
242 766 275 827 et
296 760 426 846 frigidis
449 764 546 845 terra,
569 760 658 844 quali
680 761 833 848 uolueris,
857 762 1037 827 dummodo
1058 761 1138 826 ubis

104 872 199 915 umor
222 848 373 914 adsiduus
398 853 462 933 est,
490 851 639 934 quamuis
666 851 771 929 nasci,
798 851 826 915 si
848 872 984 916 necesse
1008 848 1108 933 fuerit,

105 943 139 1004 et
165 941 200 1004 iu
227 939 374 1005 siccitate
399 960 467 1003 non
494 939 643 1024 deneget:
671 944 704 1005 et
729 960 831 1024 prope
849 939 1009 1027 'omnibus
1032 960 1110 1003 men-

106 1029 196 1093 sibus
226 1050 245 1092 a
267 1029 373 1112 primo
396 1049 472 1091 uere
495 1027 536 1090 ad
559 1032 750 1092 autumnum
772 1031 901 1093 seratur
924 1032 1108 1097 extremum.

62 1119 146 1182 2ex
174 1117 277 1202 ipsius
305 1137 422 1202 genere
449 1120 500 1180 est
526 1115 768 1200 hipposelinon,
800 1117 912 1181 durius
944 1120 1056 1181 tamen
1080 1119 1109 1180 et

108 1205 279 1288 austerius,
303 1209 336 1270 et
358 1203 580 1270 heleoselinon
604 1205 695 1270 molli
717 1205 798 1271 folio
821 1210 855 1270 et
877 1205 970 1270 caule
994 1210 1139 1283 teneros

108 1296 193 1380 quod
212 1295 359 1360 nascitur
377 1295 411 1357 in
429 1294 564 1375 lacunis,
582 1298 616 1358 et
634 1293 856 1378 petroselinon
874 1293 1017 1359 maxime
1035 1291 1109 1359 locis

107 1385 238 1469 asperis.
275 1382 355 1448 haec
374 1383 484 1448 omnia
502 1402 621 1468 genera
637 1387 776 1467 possunt
793 1383 914 1448 habere
932 1383 1110 1468 diligentes.

107 1475 199 1557 apios
223 1472 361 1536 maiores
385 1470 500 1556 facies,
522 1470 551 1535 si
574 1493 699 1556 semen,
723 1476 882 1555 quantum
905 1471 1015 1536 tribus
1037 1470 1111 1557 digi-

108 1562 151 1625 tis
180 1559 397 1644 conprehendi
424 1563 548 1643 potest,
579 1560 714 1626 linteolo
746 1560 900 1626 clauseris
928 1560 1054 1625 rariore
1081 1563 1111 1623 et
1137 1637 1140 1643 ι

105 1650 199 1713 breui
226 1647 315 1712 fossa
343 1649 499 1712 obrueris.
543 1649 592 1713 ita
620 1649 765 1714 omnium
793 1648 953 1714 seminum
983 1669 1142 1734 germenrs

107 1737 225 1821 capitis
244 1736 339 1800 unius
359 1735 523 1801 soliditate
540 1741 698 1804 nectetur.
724 1736 823 1822 crispi
836 1737 930 1822 fiunt,
948 1736 977 1802 si
992 1738 1111 1803 semina

107 1829 182 1890 ante
215 1825 395 1890 tundantur
427 1826 479 1890 uel
507 1825 535 1890 si
565 1847 660 1911 super
687 1849 779 1892 areas
806 1829 977 1892 nascentes
1006 1825 1112 1910 aliqua

106 1915 250 1999 pondera
276 1914 465 1978 uolutentur
492 1919 550 1979 aut
582 1916 719 2000 pedibus
751 1916 981 2000 proculcentur
1012 1920 1112 1980 enata.

108 2005 174 2088 apii
197 2003 322 2069 semina
344 2004 525 2068 uetustiora
549 2003 645 2068 citius
667 2009 855 2088 nascuntur,
878 2025 961 2088 quae
985 2004 1112 2069 nouella

63 2096 83 2159 3
108 2098 193 2178 sunt,
217 2092 329 2158 serius,
366 2092 429 2156 hoc
452 2113 561 2156 mense
582 2093 765 2177 atriplicem
784 2114 936 2173 seremus,
958 2093 988 2157 si
1008 2093 1143 2178 rigares

105 2183 300 2266 poterimus,
330 2186 363 2246 et
390 2179 470 2245 iulio
497 2181 550 2245 uel
578 2181 694 2246 ceteris
723 2203 825 2265 usque
852 2181 893 2244 ad
921 2186 1112 2246 autumnum

107 2273 283 2336 mensibus.
320 2275 408 2335 amat
427 2269 560 2334 adsiduo
579 2292 691 2334 umore
711 2270 832 2335 satiari.
864 2291 973 2334 semen
994 2271 1113 2352 statim,

107 2381 180 2424 cum
213 2360 393 2444 spargitur,
430 2358 631 2423 obruendum
663 2363 729 2442 est,
765 2357 885 2424 herbae
917 2359 946 2423 ei
979 2359 1113 2424 subinde

108 2447 279 2512 uellantur.
325 2447 496 2512 transferri
525 2447 587 2513 etsi
610 2449 829 2512 necessarium
851 2469 918 2512 non
945 2450 1011 2533 est,
1043 2469 1113 2512 cum

149 2744 154 2754 Ι
178 2680 194 2726 2
214 2674 544 2754 uerothlexactopsstl
563 2673 675 2756 quimae
694 2674 833 2743 PVsei,
852 2673 947 2742 quime
965 2673 1112 2756 191111

108 2747 315 2814 quia—amrsrt
332 2761 420 2813 osup
446 2747 455 2814 ΙΙ
483 2746 677 2800 4admrs1t1)
706 2747 710 2816 Ι
739 2744 864 2800 TuncG
892 2747 897 2816 l
927 2745 1049 2814 amphus
1063 2761 1114 2814 pro

109 2816 241 2886 apiump
269 2818 273 2885 Ι
303 2815 418 2870 serimus
441 2817 472 2870 E
497 2818 506 2885 11
534 2823 549 2870 5
573 2816 722 2898 dummodo
746 2815 787 2900 ihi
811 2815 849 2870 sit
866 2815 969 2898 humor
985 2816 1114 2897 assiduus

108 2886 685 3039 11111111.1111111111
699 2886 1115 3039 terremtatem

108 3029 1115 3172 11191111111118611111111111011111

107 3118 432 3242 iriolli-pe'troselinuni
450 3188 499 3225 om.
516 3172 543 3226 G
558 3145 674 3240 l'calide
688 3189 742 3241 pro
761 3171 840 3226 caule
855 3143 878 3240 pi
895 3174 904 3241 ΙΙ
923 3177 955 3225 11
975 3118 1115 3242 petrosili-

107 3261 174 3296 num
192 3245 222 3297 E
254 3245 258 3312 Ι
293 3243 368 3310 quod
385 3242 537 3297 maximos
564 3246 573 3313 ΙΙ
606 3249 638 3296 12
661 3243 732 3296 haec
756 3241 849 3297 omnia
870 3245 989 3312 possunt
1008 3242 1115 3297 semina

108 3313 263 3384 diligenter
281 3313 423 3382 haberep
449 3316 458 3382 ΙΙ
487 3319 519 3367 13
543 3313 641 3383 digitis
659 3313 749 3366 tribus
769 3314 799 3394 Ε
824 3316 838 3404 ll
861 3319 894 3367 14
913 3313 1042 3368 clausum
1061 3314 1091 3367 Ε
1106 3314 1115 3384 {l

110 3390 141 3436 17
162 3387 273 3438 scentes
289 3385 315 3438 G
328 3387 337 3453 ΙΙ
352 3389 385 3438 18
404 3384 601 3439 conculcentur
618 3385 649 3438 Ε
660 3387 669 3453 ll
685 3390 716 3438 19
736 3384 793 3438 Alu
808 3385 835 3438 Ε
849 3386 858 3453 ΙΙ
873 3390 907 3438 10
925 3384 1116 3439 hoc—cessat

107 3470 187 3523 corp
212 3454 330 3509 serimus
339 3456 371 3510 Ε
368 3456 430 3586 pal
442 3458 471 3511 et
481 3458 553 3512 onai
564 3456 570 3528 l
580 3455 826 3522 uelcou.t,ethuh.
838 3457 940 3574 Turpe
949 3455 1003 3526 1114
1013 3455 1115 3509 Trans-

91 3525 168 3579 serre
216 3526 353 3602 setsiom.
401 3525 897 3604 GFtacps,eiouo.sE,erPQL

926 3523 1030 3589 ssew*
1040 3542 1125 3588 nupto.
