2378 3832
124 152 188 216 136
543 155 710 209 PALLADH

125 299 234 364 binthi
261 299 313 364 uel
341 300 469 365 lentisci
495 301 615 366 taleam
643 323 716 366 cum
743 301 864 384 plantis
887 301 942 367 fici
966 302 1139 367 cacumine

125 410 282 472 ponemus
306 388 444 454 inuerso.
479 388 606 455 uncinis
631 390 732 454 aereis
751 389 887 455 tollendi
906 394 984 455 sunt
1000 412 1139 456 uermes

127 500 166 541 ex
184 477 255 542 fico.
287 477 342 541 alii
361 500 535 565 amurcam,
554 478 610 542 alii
629 482 772 543 ueterem
786 477 913 544 urinam
928 479 1136 564 ablaqueatis

126 566 290 630 radicibus
318 566 463 632 miscent.
509 567 565 632 alii
589 567 735 632 bitumen
759 571 792 632 et
816 568 923 632 oleum
946 573 1004 633 aut
1028 569 1136 633 solam

127 655 248 720 calcem
275 655 386 719 uiuam
413 655 547 720 latebris
574 655 733 720 uermium
761 655 877 721 linunt.
922 655 950 721 si
978 656 1173 722 formicaes

126 743 283 808 molestae
310 749 399 829 sunt,
427 745 556 809 rubrica
582 746 702 829 butyro
731 749 764 809 et
790 745 860 829 pice
883 744 1008 829 liquida
1032 747 1136 810 mixta

127 832 213 897 circa
240 835 391 898 truncum
421 833 517 898 debet
544 833 661 899 induci.
707 834 762 898 alii
796 835 979 899 coracinum
1010 835 1136 918 piscem

128 925 242 986 contra
274 921 427 987 formicas
459 922 494 986 in
526 923 640 987 arbore
674 923 931 1007 suspendendum
960 944 1032 988 esse
1063 946 1134 989 con·

73 1011 117 1076 30
128 1011 268 1074 firmant.
314 1011 343 1075 si
374 1011 498 1076 fructus
531 1033 607 1076 suos
639 1011 730 1075 uelut
763 1031 861 1095 aegra
890 1011 1045 1097 proiciat,
1083 1011 1134 1076 alii

127 1099 257 1164 rubrica
276 1104 333 1164 aut
352 1122 481 1165 amurca
499 1099 622 1164 insulsa
639 1101 741 1163 mixta
761 1121 844 1183 aqua
863 1100 1011 1165 arborem
1026 1100 1134 1165 linunt
1146 1124 1170 1164 u

127 1190 181 1253 uel
210 1210 361 1253 cancrum
388 1188 552 1253 lluuialem
581 1210 654 1253 cum
686 1209 777 1252 ramo
808 1192 901 1253 rutae
931 1191 1133 1273 suspendunt

127 1278 181 1342 uel
210 1278 318 1362 algam
346 1277 503 1342 marinam
531 1277 583 1342 uel
606 1276 728 1341 fascem
745 1276 931 1360 lupinorum
953 1277 1008 1342 uel
1031 1279 1132 1344 radici

127 1367 311 1431 terebratae
340 1389 475 1445 cuneum
502 1367 609 1451 figunt
636 1366 688 1429 uel
717 1365 820 1430 securi
848 1364 973 1430 arboris
1007 1367 1130 1432 corium

128 1477 224 1539 saepe
247 1454 468 1538 proscindunt.
505 1477 577 1520 cum
598 1453 678 1518 folia
695 1455 872 1538 producere
890 1453 1055 1538 incipiunt
1075 1456 1132 1541 fici,

127 1548 165 1608 ut
194 1544 333 1607 multum
360 1543 502 1608 fructum
530 1548 563 1608 et
584 1543 739 1628 pinguem
761 1542 881 1626 ferant,
908 1543 944 1607 in
970 1544 1129 1629 principio
1141 1565 1162 1607 u

128 1630 283 1716 germinis
308 1633 474 1696 cacumina
497 1653 624 1696 summa
648 1631 826 1697 decutimus
849 1632 902 1697 uel
923 1632 985 1697 hoc
1003 1636 1129 1698 tantum

74 1722 115 1787 31
130 1740 292 1804 cacumen,
315 1720 400 1803 quod
424 1742 463 1784 ex
486 1721 611 1785 arboris
635 1720 807 1785 medietate
828 1721 983 1805 procedit.
1020 1722 1051 1786 si
1072 1744 1129 1786 ma-

127 1813 235 1873 turam
259 1808 355 1873 ficum
378 1809 428 1873 uis
453 1810 628 1873 serotinam
651 1808 766 1890 facere,
788 1810 980 1894 incipientes
1000 1830 1128 1894 grossos

127 1898 254 1980 decute,
287 1919 359 1962 cum
391 1895 458 1961 illis
487 1897 582 1962 fabae
615 1898 714 1963 fuerit
742 1899 939 1982 magnitudo.
986 1904 1024 1963 ut
1053 1900 1128 1966 ficus

128 1987 193 2052 cito
217 1989 369 2069 maturet,
392 2008 468 2051 suco
493 2009 588 2071 cepae
609 1987 767 2072 longioris
787 2009 860 2052 cum
879 1987 949 2051 oleo
969 1991 1003 2052 et
1021 1989 1160 2071 piparas

128 2075 230 2141 mixto
254 2096 339 2160 unge
362 2097 468 2160 poma,
492 2078 619 2160 quando
643 2075 749 2161 grossi
767 2075 926 2160 incipiunt
945 2073 1129 2142 subrubere

128 2164 223 2249 aprili
251 2185 360 2229 mense
387 2165 485 2229 ficum
512 2165 665 2229 debemus
692 2165 832 2229 inserere
860 2164 945 2229 iuter
976 2165 1129 2231 corticem

127 2254 189 2338 uel,
213 2254 241 2318 si
264 2253 412 2319 nouellae
436 2254 567 2318 arbores
587 2257 672 2331 sunt,
693 2254 771 2317 fisso
790 2252 890 2338 ligno,
913 2252 1000 2336 quod
1019 2255 1129 2318 statim

73 2344 117 2409 32
129 2343 337 2427 operiendum
351 2345 401 2407 est
414 2346 447 2406 et
461 2342 636 2427 ligandum,
653 2363 694 2406 ne
708 2345 826 2406 uentus
840 2342 989 2406 introeat.
1018 2344 1129 2407 melius

128 2431 407 2516 conprehendunt,
434 2431 462 2495 si
490 2432 575 2496 circa
601 2434 722 2495 terram
749 2430 851 2494 recisa
877 2431 1064 2495 inserantur
1087 2450 1161 2496 aru

80 2555 82 2559 ·
128 2520 234 2583 busta.
265 2518 366 2601 aliqui
384 2523 417 2584 et
435 2520 523 2584 iunio
543 2541 651 2583 mense
670 2519 827 2583 inserunt.
860 2519 1007 2584 surculus
1022 2519 1130 2605 legen·

129 2607 188 2671 dus
212 2610 263 2671 est
285 2607 466 2673 anniculus:
493 2607 618 2672 inutilis
647 2607 733 2671 euim
759 2607 899 2672 creditur
923 2606 1056 2688 maioris
1081 2608 1130 2672 uel

128 2694 263 2760 minoris
278 2695 404 2760 aetatis.
427 2695 586 2761 inoculari
599 2696 679 2761 ficus
692 2695 773 2761 locis
789 2696 882 2761 siccis
897 2696 1001 2780 aprili,
1016 2696 1130 2761 melius

200 2868 380 2923 lcaoumina
399 2869 520 2940 PLQV
543 2873 553 2940 11
581 2869 689 2923 2aeris
708 2871 734 2924 L
757 2871 760 2939 1
781 2885 889 2923 uermes
908 2886 958 2924 orn..
975 2870 1001 2924 G
1028 2872 1038 2940 11
1066 2876 1133 2924 301

127 2942 181 2996 ficu
200 2941 255 2996 SE
274 2941 278 3013 1
304 2939 471 3009 allaqueatis
491 2941 517 2995 G
544 2944 553 3011 11
580 2940 734 2995 luitimen
753 2941 903 3010 PLQGT
924 2942 930 3022 1
955 2940 1060 2995 soleam
1079 2942 1110 2995 E
1125 2941 1133 3011 11

127 3012 267 3066 tliniunt
285 3011 402 3083 SEicp,
422 3010 542 3065 allinunt
559 3030 573 3066 a
590 3015 599 3082 11
622 3015 723 3066 dsunt
741 3012 963 3081 om.Elbutrro
982 3012 1005 3066 S
1025 3015 1034 3081 11
1059 3012 1133 3066 7111-

128 3083 234 3138 cludit
258 3086 262 3152 1
287 3082 427 3137 coracium
444 3083 475 3136 E
500 3085 509 3152 11
537 3088 552 3135 9
570 3082 690 3152 proiciet
708 3100 798 3138 omues
812 3089 922 3152 procur
938 3084 970 3137 E
994 3086 1004 3154 11
1033 3089 1066 3136 10
1086 3085 1135 3137 aut

127 3154 240 3209 rubrica
258 3156 284 3208 L
301 3159 304 3220 1
320 3152 424 3207 liniunt
441 3154 573 3224 SEiccp
586 3155 595 3223 11
611 3160 642 3208 12
662 3154 763 3208 falcem
782 3154 812 3206 E
824 3156 833 3223 11
848 3160 880 3207 14
902 3169 987 3223 sapas
1008 3154 1034 3208 G
1050 3154 1054 3226 1
1070 3171 1133 3224 pro-

128 3227 226 3280 cedere
254 3226 295 3292 Ε,
327 3224 467 3296 incipiunt
493 3224 645 3293 producere
672 3243 730 3295 cop
761 3228 770 3294 11
803 3231 835 3279 15
863 3225 986 3279 fructum
1012 3225 1133 3279 multum

130 3297 253 3367 Giacys
266 3298 276 3366 11
291 3302 323 3350 16
341 3299 453 3350 tantum
469 3295 522 3349 hoc
536 3296 566 3348 E
580 3298 584 3363 1
600 3295 671 3348 illud
681 3312 735 3365 pro
748 3296 801 3350 hoc
815 3313 891 3366 ceps
904 3298 913 3366 11
929 3301 961 3350 18
981 3295 1133 3350 serotinam

127 3384 178 3422 om.
189 3369 219 3421 E
231 3370 240 3437 11
256 3373 287 3420 19
306 3367 392 3421 fuerit
405 3384 454 3422 om.
465 3367 495 3419 E
507 3369 516 3436 11
531 3371 564 3418 20
579 3383 663 3436 coepe
672 3367 720 3490 Vp
732 3372 764 3419 21
781 3367 912 3421 subruere
921 3367 952 3421 Ε
963 3369 973 3436 1
986 3372 1021 3420 23
1036 3367 1134 3421 statim

128 3454 176 3517 orn.
184 3456 211 3506 p
226 3441 238 3508 11
261 3443 295 3490 24
314 3437 495 3521 aperiendum
512 3438 539 3491 L
555 3441 559 3509 1
576 3440 605 3492 et
622 3437 700 3520 ligan
714 3455 767 3519 'um
785 3455 868 3519 coep
886 3439 897 3508 11
918 3441 1066 3519 2711111111
1080 3456 1134 3508 pro

114 3523 189 3559 emm
207 3509 246 3562 Ε
251 3510 264 3579 1
277 3510 405 3567 creditur
423 3529 475 3568 om.
490 3511 594 3584 Ε1128
612 3509 740 3565 humidis
756 3508 862 3563 melius
873 3507 1051 3575 V¹Faacps
