2378 3832
103 124 146 187 74
520 121 690 175 PALLADII
714 122 717 129 “
802 114 805 121 ’

384 320 443 386 Du
468 320 586 386 ERVO
612 318 828 386 SERENDO.

47 446 113 513 VII
180 446 252 511 Hoc
280 468 388 509 mense
416 450 487 510 toto
516 467 629 509 eruum
657 445 761 509 adhuc
789 445 853 510 seri
881 448 1002 530 potest,
1025 439 1085 530 quia

100 535 219 600 martio
252 535 422 599 serendum
453 556 518 598 non
552 538 615 617 est,
647 556 686 598 ne
718 538 816 619 pastu
847 556 907 600 suo
935 535 1085 620 pecoribus

99 629 216 689 noceat
238 629 271 687 et
295 623 394 688 boues
419 624 532 688 reddat
554 624 696 687 insanos.

170 836 230 902 DE
256 833 480 901 CVRANDIS
504 833 679 899 VITIBVS
702 835 758 899 ET
782 833 1033 902 ARBORIBVS
1108 851 1116 892 r

230 943 287 1008 ET
310 940 493 1023 Hoerno
518 939 737 1006 GALATIOO
763 939 1008 1009 suarium
1140 960 1142 971 ·

48 1067 132 1133 VIII
198 1067 294 1134 Nunc
320 1067 426 1153 pomis
455 1071 488 1130 et
516 1066 640 1131 uitibus
668 1071 762 1132 uetus
788 1067 882 1132 urina
906 1068 934 1133 si
957 1067 1094 1132 adfunde-

101 1163 164 1242 tur,
188 1162 221 1222 et
243 1177 378 1222 numero
401 1155 566 1220 fructuum
588 1160 734 1239 praestat
753 1160 786 1220 et
804 1155 942 1221 formae:
967 1157 1019 1222 cui
1035 1177 1095 1241 pro·

101 1248 198 1333 derit,
225 1251 262 1311 ut
290 1267 454 1310 amurcam
482 1245 675 1309 misceamus
703 1245 873 1327 insulsam,
906 1246 1046 1311 maxime
1071 1245 1097 1309 in

101 1337 194 1420 oleis,
222 1336 277 1399 sed
304 1335 366 1399 hoc
396 1333 621 1418 frigidioribus
645 1334 772 1419 diebus,
800 1338 976 1418 antequam
999 1334 1098 1399 feruor
1107 1355 1125 1394 u

99 1424 243 1508 incipiat.
280 1422 380 1487 etiam
402 1445 487 1486 nunc
509 1422 667 1486 hordeum
690 1422 876 1507 galaticum,
900 1424 988 1507 quod
1010 1445 1099 1509 graue

101 1519 134 1579 et
161 1512 331 1577 candidum
360 1514 425 1596 est,
453 1515 577 1575 seretur
604 1512 684 1576 locis
710 1511 839 1597 frigidis
864 1511 950 1578 circa
974 1513 1102 1578 martias

100 1602 258 1668 calendas.

98 1796 158 1862 Du
169 1794 392 1862 PONENDIS
401 1793 554 1860 VINEIS
566 1793 753 1860 PASTINO
764 1793 852 1859 VEL
864 1791 1104 1863 SOROBIBVS

99 1902 188 1969 AVT
208 1901 359 1969 svucls
376 1901 433 1966 ET
449 1901 576 1988 OMNI,
596 1900 715 1978 QVAE
730 1899 860 1967 ILLVO
875 1900 1105 1989 Pisaurum,
1116 1924 1134 1967 a

474 2005 734 2074 DISCIPLINA.

45 2135 145 2202 VIIII
213 2137 284 2202 Hoc
303 2157 412 2200 mense
432 2134 541 2198 omnia
560 2155 679 2218 genera
696 2134 853 2218 pastinati
872 2134 933 2199 soli
954 2157 1013 2200 seu
1028 2135 1108 2200 sulci

100 2249 156 2292 seu
185 2227 315 2291 scrobes
341 2224 464 2289 uitibus
488 2222 710 2308 conpleantur.
754 2227 872 2288 natura
895 2228 1007 2289 autem
1030 2225 1113 2290 uitis'

99 2316 223 2379 caelum
260 2335 354 2380 omne
392 2313 561 2395 solumque
599 2315 773 2394 sustentat,
813 2313 841 2377 si
878 2333 999 2398 genera
1036 2336 1109 2381 cou-

54 2403 267 2468 2uenienter
295 2407 454 2487 aptentur.
500 2402 598 2486 plano
624 2400 727 2486 igitur
749 2402 820 2466 loco
845 2406 971 2467 statues
995 2403 1140 2489 nitemur

100 2490 190 2556 cuius
223 2511 325 2575 genus
356 2492 492 2556 nebulas
525 2490 665 2555 sustinet
701 2493 734 2555 et
771 2490 919 2575 pruinas,
957 2492 1108 2579 collibus,

100 2579 186 2663 quod
209 2579 390 2644 siccitatem
414 2580 509 2643 durat
533 2584 566 2644 et
586 2583 711 2660 uentos,
734 2578 848 2664 pingui
868 2601 946 2664 agro
966 2581 1107 2666 graciles

100 2672 197 2754 atque
217 2667 412 2752 infecundae,
431 2690 541 2733 macro
561 2668 683 2733 feraces
702 2673 735 2731 et
754 2667 883 2751 solidas,
904 2668 1004 2734 denso
1024 2670 1107 2734 uali-

98 2760 155 2823 das
176 2762 273 2841 atque
292 2756 472 2840 frondosas,
491 2755 611 2841 frigido
630 2762 663 2821 et
681 2757 848 2841 nebuloso,
868 2778 950 2841 quae
964 2756 1107 2824 hiemem

98 2847 193 2912 celeri
227 2845 417 2910 maturitate
447 2846 661 2929 praeueniunt
690 2850 747 2910 aut
775 2867 856 2929 quae
884 2845 972 2912 duris
1003 2846 1105 2913 acinis
1119 2869 1140 2912 a

97 2938 182 3002 inter
201 2935 355 3019 caligines
375 2934 519 3000 securius
539 2934 670 2998 florent:
689 2938 825 2999 uentcso
843 2938 950 2999 statue
964 2938 1105 3023 tenaces,

169 3082 185 3128 3
205 3073 352 3128 serendum
376 3075 430 3128 est:
455 3072 563 3142 quiap
592 3074 596 3144 l
625 3076 710 3142 pactu
731 3073 757 3128 G
783 3075 793 3142 ΙΙ
818 3079 835 3126 4
860 3072 1033 3131 insanandcs
1054 3077 1106 3148 Gli

98 3145 264 3200 60LEOE
276 3147 285 3216 ΙΙ
299 3150 314 3198 8
329 3144 450 3198 fructum
460 3144 677 3214 PLQVTFG
693 3147 696 3212 Ι
712 3143 910 3213 praestantiE
921 3147 930 3215 ΙΙ
945 3152 980 3199 14
994 3147 1104 3215 VITIB3

98 3219 147 3286 ΕΙ
164 3215 300 3271 SCROBE
322 3217 347 3270 G
365 3219 374 3284 ΙΙ
396 3222 429 3270 15
448 3215 566 3269 OMNIA
585 3215 739 3284 PLQVG
755 3217 758 3285 l
774 3215 866 3269 ILIOE
886 3217 917 3269 E
928 3218 938 3286 ΙΙ
952 3223 986 3270 20
1006 3222 1105 3289 aptan-

98 3290 145 3341 tur
163 3289 237 3359 SE!
256 3287 339 3357 pleno
361 3287 403 3357 Q!
425 3286 526 3340 statuis
545 3287 575 3340 Ε
597 3289 606 3356 ΙΙ
630 3292 662 3339 21
682 3286 814 3340 nebulam
835 3287 861 3341 G
884 3289 894 3355 ΙΙ
916 3295 950 3342 23
970 3288 1103 3344 fecundas

98 3360 174 3413 codd.
194 3366 219 3414 et
236 3361 274 3428 ill
294 3364 327 3411 24
346 3374 418 3428 quae
436 3359 499 3412 incl.
519 3375 555 3428 cy
577 3360 586 3427 Η
612 3363 644 3410 26
665 3357 752 3410 statui
771 3357 920 3427 Pacci,
940 3361 1053 3416 statuae
1074 3362 1103 3428 T,

98 3432 209 3484 statuae
233 3432 262 3483 et
280 3429 302 3484 S
323 3429 378 3496 (uel
402 3428 489 3483 statui
512 3430 544 3483 a'a
564 3429 712 3499 marniaci,
734 3431 827 3482 statue
845 3431 875 3482 et
894 3430 935 3498 E,
958 3433 1049 3486 status
1068 3432 1102 3501 F,

84 3499 207 3553 stabiles
224 3503 256 3554 et
272 3518 352 3573 ceys
