2370 3832
137 179 155 242 7
159 179 179 242 8
556 177 725 231 PALLADII

138 325 166 388 si
190 329 239 389 est
258 327 352 388 uetus
371 323 476 407 uinea,
500 323 703 408 singulorum
722 344 877 408 generum
896 323 1034 389 surculis
1052 326 1148 392 tabu-

135 413 231 477 latim
258 411 437 496 poterimus
460 413 601 476 inserere
625 418 658 476 et
681 413 775 476 facile
798 413 860 477 hoc
883 435 986 498 genus
1010 414 1147 498 colendi,

137 503 222 585 quod
246 506 297 566 est
319 501 492 585 pulchrum
517 505 614 585 atque
638 501 732 585 utile,
758 522 999 586 consequemur.
1042 503 1147 568 itaet

137 589 337 654 maturitatis
366 612 403 654 ac
430 590 520 654 floris
549 594 710 675 tempora,
743 612 824 674 quae
855 589 890 654 in
916 593 986 656 uite
1018 592 1146 658 diuersa

84 681 226 762 12sunt,
255 678 322 742 suis
351 679 530 763 poterimus
559 679 860 762 opportunitatibus
884 679 1041 746 obtinere.
1087 703 1179 746 nect

136 790 238 852 paruo
264 768 438 851 constabit,
462 767 490 832 si
513 768 642 852 legatur
665 769 839 832 maturitas
863 791 936 833 cum
956 770 1143 854 acerbitate,

136 857 317 940 dispendio,
345 879 417 922 cum
445 857 540 921 unius
568 858 800 939 tempestiuam
827 858 1026 922 uindemiam
1054 859 1144 944 sequi

136 944 180 1010 sit
203 946 364 1029 permixta
388 946 547 1009 cruditate
571 945 741 1027 uitiosum,
770 947 904 1011 alterius
928 969 1017 1012 seras
1041 955 1144 1012 matu-

84 1035 250 1101 raritates
274 1039 442 1119 expectare
461 1033 676 1099 damnificum.
712 1035 788 1099 huic
808 1035 975 1100 commodo
996 1037 1143 1120 adicitur,

136 1125 222 1208 quod
248 1147 309 1209 pro
339 1145 492 1210 generum
519 1123 708 1188 diuersitate
736 1146 794 1206 per
822 1125 941 1209 gradus
971 1127 1142 1191 accedente
1154 1151 1176 1189 ιο

136 1214 299 1278 uindemia
327 1213 433 1277 minor
462 1234 632 1296 operarum
659 1234 812 1277 numerus
841 1235 912 1278 eam
941 1214 1066 1297 poterit
1094 1237 1143 1279 ex-

134 1303 244 1386 pedire
269 1308 301 1367 et
324 1301 504 1388 generatim
528 1302 664 1366 condere
688 1323 725 1367 ac
749 1302 864 1366 melius
886 1324 986 1385 puros
1006 1324 1140 1387 sapores

136 1391 205 1455 sine
233 1393 409 1455 luctamine
434 1392 568 1455 alterius
592 1390 720 1475 generis
743 1412 954 1474 unaquaeque
977 1392 1056 1456 nina
1078 1415 1141 1458 ser·

135 1501 220 1543 uare.
263 1480 325 1544 hoc
350 1479 378 1543 si
400 1479 532 1545 difficile
555 1479 728 1562 uidebitur,
751 1502 818 1544 non
839 1480 923 1544 alias
948 1480 1046 1545 simul
1071 1503 1141 1546 con·

136 1589 237 1648 seras,
266 1590 362 1651 quam
391 1589 473 1650 quae
501 1573 534 1631 et
562 1589 676 1650 sapore
709 1573 742 1632 et
773 1568 853 1633 flore
885 1572 919 1632 et
950 1571 1173 1635 maturitates

135 1655 340 1720 conueniunt.
378 1656 434 1720 sed
456 1656 536 1720 haec
559 1657 594 1718 in
612 1656 750 1739 pastinis
773 1659 826 1722 uel
845 1656 943 1723 sulcis
963 1659 1048 1724 ratio
1068 1659 1140 1723 erit:

134 1743 169 1807 in
193 1743 362 1808 scrobibus
385 1765 463 1807 uero
486 1766 544 1826 per
567 1745 704 1828 angulos
730 1751 885 1828 quattuor
908 1752 1074 1812 sarmenta
1093 1747 1141 1812 de·

83 1833 125 1898 14
133 1854 243 1916 pones.
290 1833 359 1915 sed,
386 1837 423 1896 ut
447 1832 568 1897 adserit
591 1831 785 1916 Columella,
813 1836 981 1900 uinaceam
1005 1836 1140 1902 stercori

133 1922 270 1985 mixtam
294 1921 390 1986 simul
414 1942 548 2006 sparges
572 1926 617 2005 et,
645 1923 673 1986 si
697 1923 779 1988 exile
803 1923 909 1988 solum
931 1924 1046 2008 fuerit,
1073 1927 1140 2010 pin·

134 2031 231 2096 guem
249 2016 371 2075 terram
390 2010 496 2076 scrobi
515 2011 633 2076 inferes
652 2011 705 2075 uel
720 2012 848 2078 aliunde
862 2018 1037 2098 portatam.
1067 2036 1138 2079 cum
1151 2037 1175 2078 ro

133 2123 211 2165 uero
226 2101 372 2184 plantam
385 2101 438 2164 uel
453 2101 639 2164 malleolum
655 2101 871 2185 disponemus,
891 2103 1016 2168 modice
1031 2103 1139 2168 umido

134 2191 204 2255 solo
233 2191 288 2255 sed
315 2191 424 2274 potius
454 2191 543 2255 arido
572 2212 669 2274 quam
701 2189 809 2255 lutoso
842 2191 967 2256 duabus
1000 2191 1137 2276 gemmis

135 2300 233 2363 supra
256 2284 377 2344 terram
399 2280 521 2346 relictis
545 2283 710 2344 sarmenta
732 2301 890 2363 ponemus
916 2280 1063 2364 obliqua:
1093 2280 1137 2345 sic

134 2366 263 2433 facilius
287 2369 556 2452 conprehendant.

207 2618 221 2665 1
241 2611 343 2666 ueteris
362 2612 459 2667 uineas
478 2614 624 2684 PLQV¹‚
643 2613 751 2668 ueteres
770 2613 868 2668 uineas
886 2613 1045 2683 varai,
1064 2618 1139 2670 uete-

133 2700 179 2736 ras
198 2682 296 2736 uineas
315 2684 346 2736 F
370 2687 379 2755 ΙΙ
406 2690 421 2737 3
442 2685 636 2752 consequimur
654 2686 853 2756 PLQV¹ST
872 2688 881 2755 ll
910 2693 927 2739 4
946 2687 975 2738 εὴ
993 2686 1068 2741 floris
1087 2687 1142 2742 SE

133 2756 225 2825 iocps
245 2757 254 2825 ll
273 2760 288 2808 5
305 2753 478 2824 temporibus
493 2773 545 2823 pro
562 2756 715 2825 poterimus
735 2757 1013 2827 PLQTEGucpa
1038 2757 1139 2828 poteri·-

133 2845 195 2880 mus
213 2828 245 2880 ia
263 2843 363 2881 rasura
381 2827 425 2894 Vl
450 2827 632 2895 opportunius
653 2829 793 2900 GEucps
814 2830 817 2898 Ι
843 2827 970 2882 obtinere
987 2829 1139 2898 poterimus

133 2899 243 2969 Eucps
270 2900 279 2967 ss
307 2903 322 2950 6
342 2896 478 2951 seruitute
497 2898 622 2969 PLQ&
647 2899 791 2953 seruitutis
813 2901 843 2968 Τ,
863 2899 1026 2954 aceruitatis
1045 2903 1078 2956 ia
1094 2918 1139 2955 ro·

133 2988 200 3025 scau
214 2971 245 3039 V,
265 2966 380 3023 scritate
391 2986 413 3037 p
426 2969 464 3048 {lt
484 2967 661 3038 dispendium
679 2972 765 3041 turp,
786 2969 995 3051 dispendiosum
1009 2973 1092 3026 unius
1105 2989 1118 3026 a
1131 2970 1140 3042 ll

134 3047 150 3095 8
170 3040 207 3095 sit
225 3058 303 3095 om.s
328 3042 332 3110 Ι
356 3040 495 3111 permuta
514 3041 653 3095 cruditate
671 3059 755 3110 orrap
780 3043 783 3110 Ι
808 3041 971 3097 urtiosams
994 3045 998 3112 Ι
1024 3046 1052 3097 εὴ
1071 3043 1140 3115 alte·

134 3111 191 3165 rius
210 3130 258 3181 aa,
277 3112 330 3183 [et]
349 3109 464 3165 alterius
483 3128 519 3181 cp
541 3114 550 3181 ΙΙ
573 3118 588 3165 9
608 3112 747 3182 quomodo
769 3112 803 3182 Q,
824 3113 969 3167 commoda
990 3115 1016 3168 G
1036 3119 1040 3184 l
1062 3113 1140 3168 addi-

135 3183 207 3237 citur
224 3185 249 3237 Τ
258 3186 268 3254 ll
283 3188 316 3237 10
334 3182 437 3254 grados
451 3182 478 3235 L
494 3185 498 3251 Ι
515 3185 684 3238 accendente
701 3183 748 3253 Gll
764 3189 795 3237 11
813 3183 985 3238 uindemiam
1000 3183 1138 3256 PLQTl

134 3254 324 3323 operariorum
330 3272 352 3323 p
367 3261 371 3322 Ι
388 3269 450 3307 eam
463 3270 616 3310 numeruss
632 3258 635 3326 Ι
651 3257 746 3324 potest
751 3273 773 3323 p
788 3256 792 3326 l
809 3255 933 3325 experire
946 3256 972 3311 G
984 3259 994 3325 ΙΙ
1009 3262 1041 3310 12
1055 3271 1139 3336 porus

134 3341 232 3450 {tlt
247 3325 434 3465 dissiti?
444 3328 719 3467 pultabit?
738 3327 1004 3471 sardii-dt
1021 3331 1140 3470 'lata

134 3470 246 3535 orroeon
261 3472 293 3520 18
313 3469 433 3521 stercore
449 3466 497 3537 Gn
511 3473 544 3521 20
562 3469 701 3537 perlatam
719 3470 745 3523 G
758 3471 767 3539 l
781 3475 813 3523 21
834 3468 1006 3539 disponimus
1025 3487 1114 3525 omnes
1131 3468 1141 3540 ll

119 3542 159 3587 23
174 3551 265 3604 super
278 3538 308 3592 L
320 3542 332 3608 l
346 3535 493 3607 obliquam
512 3539 560 3614 F!
577 3542 606 3595 et
624 3538 665 3594 sio
684 3556 741 3611 cop
