2378 3832
92 153 135 219 80
511 154 679 209 PALLADII

48 299 71 364 4
89 270 182 363 terra
196 299 386 365 cumuletur.
410 300 465 370 sed
477 302 612 365 arbusta
622 300 793 387 quifaciet,
806 302 938 385 plantas
948 302 1113 366 arborum

93 390 132 453 de
146 387 198 452 his
214 388 384 473 generibus
402 390 532 472 ponat*
565 389 617 454 uel
637 390 665 454 si
679 411 758 475 agro
778 391 924 474 subpetit
939 389 1113 455 abundan-

94 477 150 562 tia,
173 475 225 541 his
248 480 369 562 utatur,
391 478 523 563 populo,
545 478 644 560 ulmo,
671 478 797 544 fraxino
820 479 855 543 in
878 479 1048 544 montanis
1072 481 1115 543 et

96 566 228 649 asperis,
250 565 285 630 in
308 565 427 649 quibus
450 568 556 632 ulmus
579 567 686 632 minus
710 568 798 632 laeta
820 571 880 632 est.
918 568 979 632 has
1003 566 1116 632 etiam

96 652 277 718 Columella
300 656 379 720 dicit
402 655 575 722 seminario
599 656 715 722 debere
738 656 866 721 nutriri.
911 656 995 721 mihi
1019 657 1116 721 uide-
1144 684 1154 723 s

95 746 158 826 tur,
182 743 258 826 quia
280 744 371 808 nulla
392 745 561 829 prouincia
584 749 643 831 est,
667 767 748 828 quae
771 767 838 811 non
860 767 900 809 ex
918 744 973 810 his
993 767 1115 830 quam·

97 853 233 916 cumque
252 837 366 916 sponte
386 835 552 919 producat,
570 835 700 918 plantas
719 834 786 899 iam
804 834 943 899 maiores
964 835 1004 899 de
1024 834 1111 901 locis

98 919 353 1004 quibuscumque
379 924 556 988 translatas
579 923 632 987 uel
656 944 768 988 eorum
791 945 946 1008 generum
970 927 1112 989 truncos

97 1010 259 1075 radicatos
286 1010 348 1076 hoc
376 1015 522 1096 tempore
556 1012 641 1077 circa
668 1013 816 1079 scrobem
843 1012 922 1077 uitis
953 1018 1107 1096 oportere

54 1098 76 1164 5
98 1099 261 1164 constitui.
299 1101 354 1164 sed
374 1101 402 1165 si
421 1122 498 1186 ager
517 1101 748 1165 frumentarius
767 1100 875 1186 fuerit,
893 1100 952 1166 ubi
971 1103 1108 1168 arbusta
1117 1126 1136 1166 ro

98 1188 263 1274 dispones,
295 1191 518 1276 quadragenos
547 1191 643 1275 pedes
672 1190 758 1254 inter
786 1190 919 1255 arbores
949 1189 1103 1276 relinque,

98 1281 135 1342 ut
158 1278 223 1342 seri
245 1279 360 1363 possit,
383 1279 417 1342 in
441 1279 516 1343 exili
537 1284 645 1343 autem
664 1277 804 1344 uicenos.
841 1279 1010 1345 in'scrobe
1029 1300 1102 1345 uero

98 1366 178 1431 uitis
202 1367 242 1430 ab
267 1368 382 1432 arbore
404 1389 462 1432 sua
481 1367 680 1453 sesquipedis
700 1368 806 1452 spatio
825 1367 947 1432 distare
966 1368 1101 1434 debebit.

98 1477 175 1520 nam
198 1453 276 1520 uitis
300 1457 440 1520 multum
464 1456 610 1521 subiecta
631 1456 741 1521 arbori
758 1457 959 1522 incremento
980 1458 1101 1524 arboris

100 1544 310 1628 obprimetur.
364 1545 470 1611 caucis
507 1545 608 1610 etiam
644 1545 817 1611 munienda
851 1549 903 1610 est
935 1546 1103 1612 aduersum
1112 1567 1129 1610 s

100 1633 227 1717 pecoris
260 1634 443 1718 adpetentis
475 1635 609 1699 iniurias
640 1639 673 1699 et
705 1635 815 1700 arbori
848 1656 924 1699 suae
957 1637 1102 1719 protinus

10 1798 14 1805 Ι
58 1720 274 1808 balliganda.
320 1727 371 1788 est
403 1727 437 1787 et
470 1724 558 1788 aliud
586 1724 624 1788 de
652 1723 875 1788 transferenda
902 1745 941 1788 ex
973 1725 1103 1788 arbusto

100 1811 167 1876 uite
192 1813 414 1897 conpendium.
452 1812 491 1876 fit
513 1834 552 1876 ex
570 1812 691 1877 uimine
709 1835 812 1897 parua
830 1812 1004 1898 corbioula,
1028 1834 1104 1898 quoe

101 1923 286 1966 mensuram
317 1900 407 1986 pedis
439 1902 492 1966 uel
525 1901 691 1986 aliquanto
723 1903 829 1966 minus
860 1900 974 1966 circini
1001 1901 1105 1986 spatio

100 1989 206 2075 possit
230 1990 390 2075 amplecti.
426 1990 507 2055 haec
530 1991 570 2054 ad
594 1990 753 2075 arborem,
776 1991 828 2056 cui
845 1990 925 2055 uitis
944 1990 1138 2074 adhaeretur

101 2080 206 2145 fertur
228 2084 262 2145 et
284 2079 320 2145 in
341 2080 433 2144 fundi
456 2079 561 2144 media
584 2083 676 2163 parte
699 2079 916 2163 pertunditur,
939 2080 1026 2164 quod
1045 2102 1107 2145 sar-

60 2165 78 2228 7
103 2170 205 2235 menti
233 2168 360 2255 uirgam
386 2169 493 2253 possit
522 2168 701 2233 admittere.
748 2168 880 2234 inducto
908 2168 1021 2252 itaque
1046 2190 1110 2234 sar·

103 2263 214 2324 mento
232 2259 311 2323 uitis
331 2259 409 2341 eius,
432 2259 470 2322 de
491 2279 555 2341 qua
573 2256 748 2322 transferre
767 2256 922 2342 disponis,
945 2257 1110 2323 corbicula

78 2347 176 2430 ,ipsa
197 2370 237 2413 ex
260 2346 368 2431 aliqua
391 2345 516 2411 arboris
535 2350 627 2430 parte
647 2346 856 2430 suspenditur
874 2348 907 2410 et
925 2345 1002 2410 uiua
1023 2351 1111 2411 terra

104 2435 264 2520 repletur,
294 2440 332 2499 ut
364 2439 563 2500 sarmentum
595 2440 683 2499 terra
714 2435 821 2519 possit
852 2434 990 2518 includi,
1024 2435 1146 2520 quoda

106 2528 303 2588 sarmentum
327 2524 416 2609 prius
439 2525 655 2608 intorquetur.
699 2524 747 2588 ita
769 2529 884 2589 exacto
909 2523 1008 2588 annui
1032 2530 1113 2589 tem-

177 2740 191 2787 1
212 2733 365 2787 comuletur
382 2735 409 2789 L
425 2735 429 2803 1
446 2749 518 2802 quae
536 2731 644 2787 facient
664 2734 741 2804 Glln
760 2735 901 2803 ponantur
916 2733 943 2789 G
958 2734 963 2803 Ι
978 2733 1023 2787 vel
1043 2734 1068 2788 si
1085 2737 1115 2790 ie

106 2805 259 2874 codicesque
282 2813 390 2874 praeter
417 2805 455 2873 G,
483 2806 531 2874 qut
559 2804 614 2858 Sed
641 2805 665 2858 si
690 2807 770 2860 babet
791 2808 800 2875 11
823 2810 839 2858 3
866 2804 911 2858 his
938 2807 1037 2860 utatur
1064 2823 1114 2862 om.

106 2894 182 2947 seps
203 2876 206 2948 1
227 2876 306 2930 fraxo
325 2875 517 2946 PLQVSE,
541 2875 634 2929 fraoco
656 2877 682 2931 Τ
700 2879 709 2945 11
733 2883 748 2930 6
772 2877 848 2945 quod
870 2877 983 2948 iucpsl
1004 2876 1044 2932 sit
1067 2896 1085 2931 a
1107 2878 1118 2950 11

108 2947 229 3002 *letiam
247 2949 339 3017 iacps
365 2951 375 3018 11
403 2946 577 3001 Strenslata
595 2947 728 3017 PLQF,
747 2947 893 3002 translatis
915 2949 969 3018 Τ1
996 2954 1031 3002 10
1050 2965 1117 3003 con-

107 3018 193 3073 stitue
213 3019 305 3089 111111
326 3018 451 3088 disponis
469 3035 559 3073 omues
572 3020 581 3088 1
596 3024 628 3071 12
646 3017 678 3071 in
697 3019 794 3072 scrobe
815 3022 910 3074 autem
929 3020 1027 3089 111113
1047 3019 1117 3074 uitis

107 3089 240 3145 —arbori
263 3107 313 3144 om.
334 3091 361 3146 G
385 3091 389 3162 1
414 3089 579 3159 sesquipede
602 3089 644 3142 V¹
670 3091 679 3159 11
708 3095 741 3143 14
765 3089 892 3144 subiecta
913 3090 1036 3144 multum
1058 3092 1090 3145 E
1108 3092 1119 3164 11

108 3166 141 3215 15
161 3161 233 3216 Cere
249 3179 271 3231 p
290 3164 294 3230 1
315 3162 449 3215 aduersus
468 3162 499 3214 E
519 3163 529 3231 11
553 3165 585 3213 17
605 3160 737 3230 alliganti
758 3161 805 3231 G¹,
824 3160 975 3231 alligandis
996 3161 1045 3231 θ’,
1065 3166 1117 3218 est.

108 3235 138 3285 et
153 3234 187 3301 G,
206 3233 351 3303 alliganda
369 3235 419 3286 est.
442 3232 494 3285 Est
512 3234 542 3286 et
555 3231 625 3286 snt
640 3235 644 3301 1
662 3231 749 3285 alium
764 3233 791 3288 G
806 3235 810 3303 1
826 3232 1054 3286 transferendum
1069 3235 1097 3289 G
1108 3234 1119 3306 11

110 3308 143 3356 18
161 3303 220 3358 uite
239 3321 273 3358 ex
292 3305 408 3358 arbusto
426 3303 488 3371 SE,
508 3302 561 3357 uiti
582 3304 678 3374 61119
697 3319 828 3357 mensura
846 3303 985 3373 PQpiac
997 3306 1007 3374 1
1021 3309 1056 3359 20
1075 3303 1118 3358 in·

108 3374 207 3428 haeret
224 3392 299 3446 urps
322 3378 330 3447 11
354 3382 386 3430 21
406 3374 569 3446 profundit
593 3376 597 3444 1
622 3374 716 3442 quoad
735 3375 776 3443 E,
799 3391 855 3444 quo
873 3376 965 3445 ineps
988 3377 997 3445 1
1021 3381 1055 3428 25
1075 3392 1117 3430 re-

109 3444 220 3514 pleatur
238 3448 249 3500 i
265 3449 269 3518 1
285 3450 314 3501 et
332 3451 364 3502 ut
383 3447 482 3517 111116
502 3449 672 3501 sarmentum
689 3446 753 3500 incl.
772 3463 808 3515 ps
824 3447 828 3519 1
844 3445 941 3514 itaque
959 3446 1008 3514 ΕΙ
1029 3446 1117 3500 annui

100 3531 151 3570 om
165 3516 207 3583 ff,
229 3518 299 3573 anni
315 3520 397 3578 habet
417 3520 443 3578 G
