2378 3832
388 721 532 794 arana
560 721 763 810 orarius

535 858 614 912 SIVE

285 966 484 1034 MENSIS
511 967 860 1037 FEBRVARIVS.

528 1113 616 1121 ———.

483 1214 660 1268 TITVLI.

147 1323 165 1388 I
197 1323 246 1389 De
270 1324 374 1409 pratis
398 1325 564 1389 seruandis
588 1329 621 1388 et
643 1325 816 1390 laetamine
841 1328 1038 1394 saturandis.
1100 1347 1112 1387 a

130 1412 164 1476 ΙΙ
198 1412 247 1478 De
270 1414 514 1498 proscindendis
538 1414 685 1479 collibus.
760 1491 762 1500 s

112 1499 165 1566 III
197 1501 247 1566 De
270 1502 396 1567 satione
419 1502 611 1567 trimenstri.

95 1587 163 1653 IIII
196 1587 245 1654 De
269 1591 403 1656 serenda
426 1591 581 1656 lenticula
605 1613 678 1656 cum
701 1591 873 1676 disciplina
897 1615 970 1677 sua,
996 1593 1075 1658 item

199 1680 238 1744 de
262 1679 427 1745 cicercula.

132 1766 163 1832 V
197 1767 247 1833 De
270 1769 405 1833 serendo
429 1768 584 1834 cannabe.
1088 1798 1109 1837 rc

115 1855 164 1921 VI
198 1856 248 1922 De
272 1858 360 1943 agris
385 1859 526 1923 medicae
549 1858 711 1943 parandis.

98 1944 164 2010 VII
197 1945 247 2012 De
271 1969 347 2012 eruo
371 1947 516 2012 serendo.

14 2110 17 2132 ‚
81 2034 164 2100 VIII
198 2035 248 2100 De
281 2036 431 2100 curandis
464 2035 588 2100 uitibus
621 2039 654 2099 et
686 2035 857 2101 arboribus
889 2041 923 2100 et
951 2037 1077 2106 hordeo

197 2125 339 2212 galatioo
363 2125 506 2190 serendo.

63 2212 163 2278 VIIII
196 2214 244 2279 De
271 2214 429 2298 ponendis
456 2212 560 2278 uineis
588 2213 718 2296 pastino
741 2213 794 2277 uel
818 2213 990 2281 scrobibus
1014 2222 1075 2282 aut
1089 2242 1114 2283 ιε

198 2303 296 2368 sulcis
321 2306 354 2367 et
377 2303 480 2388 omni,
502 2324 583 2385 quae
606 2301 685 2367 illuc
708 2302 863 2385 pertinet,
889 2303 1077 2388 disciplina.

129 2390 160 2454 X
193 2390 243 2455 De
267 2391 443 2456 arbustiuis
467 2391 588 2455 uitibus
612 2394 646 2454 et
668 2390 790 2475 plantis
814 2391 968 2457 arborum
994 2395 1077 2460 uiti-

194 2479 345 2544 ferarum.

113 2565 161 2633 XI
194 2567 244 2633 De
268 2568 371 2633 uineis
395 2568 658 2652 prouincialibus.

95 2655 160 2721 XII
193 2656 242 2722 De
261 2657 413 2741 putandis
432 2657 535 2720 uineis
556 2657 781 2722 communibus
800 2658 876 2723 altis
895 2660 949 2725 uel
964 2658 1075 2726 humi·
1089 2687 1116 2727 ao

80 2835 161 2901 XIII
194 2747 434 2920 llbuiiutatione
458 2835 593 2899 arbusti.

42 2923 161 2990 ·X1111
194 2925 243 2989 De
266 2923 520 3008 prouincialibus
544 2924 648 2988 uineis
670 2925 833 3007 putandis.

134 3088 148 3135 1
166 3079 549 3136 LIBER-FEBRVARIVS
567 3096 617 3134 om.
632 3080 708 3135 codd.
730 3082 740 3150 ΙΙ
759 3087 776 3133 4
794 3079 917 3134 TITVLI
935 3082 1073 3138 MENSIS

60 3151 257 3207 FEBRVARH
275 3169 365 3207 omues
382 3153 439 3219 fere
456 3153 558 3206 codeces
576 3153 760 3218 deditiones,
784 3150 925 3221 Incipiunt
944 3153 1075 3236 capItula

60 3223 163 3277 mensis
186 3222 322 3278 februarfi
339 3224 380 3292 E,
404 3221 646 3276 TITVLI-horis
669 3239 753 3276 cmc
779 3225 788 3292 ΙΙ
816 3228 831 3275 7
855 3222 992 3278 trimestrr
1015 3226 1049 3280 Ε
1066 3228 1076 3299 ll

61 3300 77 3348 9
102 3294 136 3348 de
159 3312 209 3350 om.
228 3296 330 3350 codices
347 3301 457 3363 praeter
475 3294 506 3346 E
527 3295 585 3348 eti
611 3296 620 3363 ll
649 3300 681 3347 11
699 3291 839 3347 medicine
857 3295 889 3347 E
913 3297 923 3365 ΙΙ
951 3301 984 3350 15
1003 3295 1074 3350 uiti-

61 3366 114 3419 bus
133 3366 165 3418 E
175 3368 184 3435 ll
200 3372 232 3420 16
251 3365 345 3420 omnia
364 3365 485 3435 PLQG
500 3366 504 3432 Ι
520 3364 579 3417 illic
597 3366 629 3418 E
640 3367 649 3435 ΙΙ
664 3370 697 3417 17
717 3362 879 3418 arbustibus
898 3366 968 3435 PL,
989 3367 1075 3422 arbu-

49 3435 106 3488 stis
125 3436 227 3506 fflffps
238 3438 249 3506 l
261 3435 475 3493 fructiferarum
492 3437 524 3492 Ε
