2378 3832
100 165 141 228 12
521 164 691 218 PALLADH

101 310 185 375 locis
208 310 327 394 tepidis
352 310 468 375 melius
492 309 713 394 respondebit,
742 308 769 374 si
793 313 920 374 seratur
943 313 1117 374 autumno:

102 399 131 464 si
151 398 328 464 necessitas
349 403 444 484 coget
463 400 501 463 de
521 398 607 463 salsa
626 403 713 463 terra
734 420 862 481 sperare
882 398 1015 482 aliquid,
1039 403 1116 482 post

103 493 297 552 autumnum
324 487 502 572 plantanda
530 491 581 552 est
607 486 660 551 uel
688 488 896 571 conserenda,
923 491 961 552 ut
986 488 1117 551 malitia

104 578 173 642 eius
201 576 347 641 hibernis
376 577 535 641 imbribus
562 575 697 640 eluatur.
739 575 861 660 aliquid
884 577 983 640 etiam
1007 580 1116 642 terrae

103 665 207 730 dulcis
231 666 283 729 uel
308 688 423 730 arenae
446 665 588 730 fluuialis
611 665 833 729 subiciendum
852 669 912 748 est,
936 664 964 729 si
982 664 1034 728 illi
1052 667 1115 730 uir·
1140 690 1151 729 5

51 756 91 819 17
103 755 196 839 gutta
220 755 463 819 committimus.
504 752 711 818 seminarium
734 754 889 818 mediocri
912 758 999 818 terra
1023 755 1116 818 insti·

104 849 196 907 tuere
228 842 395 926 debemus,
428 847 465 907 ut
492 843 532 907 ad
560 841 741 920 meliorem,
775 864 856 926 quae
885 847 956 906 sata
983 842 1118 926 fuerint,

104 931 354 997 transferantur.
399 932 538 1016 lapides,
566 932 621 1015 qui
649 935 837 1015 supersunt,
863 931 969 995 hieme
996 932 1117 1016 rigent,

105 1025 230 1085 aestate
258 1020 454 1086 feruescunt.
499 1021 618 1085 idcirco
648 1021 727 1085 satis
756 1021 961 1085 arbustiset
988 1021 1117 1085 uitibus

104 1113 231 1174 nocent.
278 1114 380 1190 terra,
415 1131 496 1193 quae
524 1110 610 1174 circa
637 1111 769 1175 arbores
796 1113 959 1191 mouetur,
989 1108 1039 1173 ita
1067 1113 1154 1174 estro

105 1198 232 1263 uicibus
251 1199 475 1282 permutanda,
498 1205 535 1262 ut
554 1198 591 1282 ei,
614 1199 747 1282 quaein
767 1220 894 1263 summo
914 1198 1031 1280 fuerat,
1050 1199 1119 1263 ima

54 1289 265 1353 18succedat.
307 1287 342 1351 in
367 1287 527 1352 laetandis
551 1288 721 1352 arboribus
745 1291 850 1353 crates
873 1287 1031 1351 faciemus
1055 1291 1119 1352 ter-

105 1398 175 1440 ram
198 1376 290 1460 prius
309 1379 425 1441 trunco
445 1377 654 1440 admouentes
674 1380 706 1440 et
724 1399 799 1441 mox
817 1377 988 1459 laetamen,
1010 1380 1051 1440 ut
1071 1375 1119 1441 sic

105 1486 188 1549 opus
206 1470 326 1528 natura
344 1465 492 1529 beneficii
512 1466 693 1529 alternante
712 1466 903 1530 cumuletur.
937 1465 1007 1550 agri
1026 1487 1117 1549 prae·

106 1553 210 1617 sulem
233 1576 299 1618 non
319 1576 357 1617 ex
377 1553 503 1617 dilectis
523 1557 631 1617 tenere
651 1555 788 1619 seruulis
806 1575 918 1637 ponae,
943 1553 1019 1637 quia
1037 1555 1117 1618 fidu·
1134 1577 1154 1617 a

105 1642 155 1706 cia
177 1643 348 1725 praeteriti
367 1642 486 1706 amoris
506 1642 545 1705 ad
564 1643 781 1726 inpunitatem
801 1643 913 1726 culpae
932 1644 1117 1726 praesentis

102 1735 237 1814 spectat.

253 1871 313 1936 DE
339 1871 447 1936 AGRI
469 1871 720 1938 ELECTIONE
745 1871 834 1937 VEL
858 1871 966 1938 SITV.

51 1997 116 2063 VII
198 1997 237 2061 ln
256 1996 404 2082 eligendo
424 2019 504 2083 agro
524 1997 577 2063 uel
596 1999 729 2062 emendo
749 1998 952 2063 considerare
972 1999 1116 2076 debebis

102 2108 143 2152 ne
167 2087 290 2151 bonum
312 2087 472 2151 naturalis
495 2085 703 2151 fecunditatis
728 2087 903 2153 colentium
928 2088 1117 2171 deprauarit
1131 2112 1154 2150 co

104 2175 223 2241 inertia
249 2179 282 2240 et
305 2176 340 2240 in
363 2176 538 2261 degeneres
563 2177 709 2240 surculos
733 2177 813 2240 uber
836 2177 899 2240 soli
921 2176 1039 2242 feracis
1064 2201 1116 2242 ex-

104 2265 266 2349 penderit:
291 2265 377 2348 quod
402 2265 550 2349 quamuis
570 2265 733 2329 emendari
751 2267 857 2349 possit
875 2265 1029 2331 insitione
1049 2289 1114 2331 me-

105 2353 239 2437 liorum,
266 2356 377 2418 tamen
404 2354 520 2418 harum
548 2375 655 2418 rerum
684 2355 753 2418 sine
780 2355 874 2438 culpa
897 2353 1011 2419 melior
1034 2378 1115 2420 usus

72 2443 155 2507 2est
179 2463 276 2524 quam
299 2464 372 2506 cum
396 2465 452 2526 spe
475 2440 656 2527 corrigendi
675 2464 766 2506 serus
786 2446 929 2507 euentus.
966 2445 1001 2507 in
1020 2447 1115 2510 semi-

106 2529 202 2593 nibus
232 2551 310 2614 ergo
339 2530 577 2597 frumentorum
605 2553 756 2614 praesens
789 2532 970 2596 emendatio
1003 2537 1153 2616 potestas

176 2674 191 2722 2
218 2668 294 2739 cogit
321 2669 438 2723 VSGE
461 2671 464 2740 Ι
491 2673 519 2724 et
547 2670 581 2723 de
610 2669 684 2724 salsa
711 2673 787 2724 terra
812 2671 850 2739 G,
878 2670 908 2723 in
936 2671 1012 2724 salsa
1039 2674 1116 2726 terra

104 2758 181 2811 ceps
197 2741 201 2811 Ι
218 2739 324 2809 sperari
349 2740 534 2808 QSTGEF,
560 2740 668 2809 aliquid
691 2741 800 2811 operari
824 2759 901 2812 ceps
921 2743 930 2814 Η
954 2748 969 2795 3
990 2745 1114 2796 extremo

106 2815 241 2865 autumno
269 2829 346 2881 caps
368 2814 376 2881 tt
401 2816 416 2864 8
444 2811 557 2881 insuper
583 2814 647 2865 sunt
672 2831 690 2866 a
711 2816 720 2882 ΙΙ
739 2819 772 2866 10
799 2817 908 2868 nocent.
942 2812 1011 2883 quid
1040 2814 1115 2868 enim

104 2882 207 2936 latenti
225 2884 342 2951 prosunt
359 2881 389 2936 in
408 2883 490 2936 terris
514 2882 614 2936 calidis
634 2886 662 2937 et
681 2883 775 2939 siccis:
799 2885 949 2938 dummodo
973 2884 1013 2937 eis
1037 2887 1114 2939 terra

103 2953 194 3007 subsit
216 2955 240 3022 i,
264 2956 377 3021 nocent3
405 2971 477 3022 quae
500 2956 595 3007 tamen
618 2953 738 3008 latentia
760 2958 878 3024 prosunt
895 2955 925 3008 in
943 2955 1026 3010 terris
1046 2956 1112 3009 cali-

102 3025 146 3078 dis
168 3028 197 3079 et
210 3024 300 3093 siccis,
320 3025 470 3079 dummodo
490 3025 529 3079 eis
548 3028 623 3079 terra
644 3024 764 3095 supersit
781 3044 794 3080 s
811 3030 814 3096 t
831 3027 871 3079 Dc
890 3027 1011 3081 fossione
1030 3028 1112 3081 arbo-

101 3115 163 3150 rum
191 3098 270 3151 addit
295 3096 334 3150 (3³
361 3098 392 3150 ia
415 3098 537 3167 mcrpiae
560 3099 568 3166 tl
593 3103 624 3149 11
648 3096 733 3149 fuerit
751 3097 806 3151 SE
827 3100 836 3166 lt
860 3105 892 3151 1⁴2
912 3097 1112 3152 letaminandis

103 3168 159 3221 SE
171 3170 179 3237 lt
195 3174 228 3221 14
247 3170 347 3221 nature
362 3167 498 3221 beneficio
515 3169 546 3234 T,
565 3170 667 3221 natura
680 3167 824 3221 beneficiis
838 3170 875 3237 E,
894 3173 1013 3223 naturae
1026 3170 1110 3223 bene-

103 3238 167 3291 ficio
188 3239 255 3293 Gac
269 3241 277 3308 lt
293 3244 326 3292 15
345 3241 441 3292 tenere
464 3240 490 3292 V
506 3240 537 3292 iu
555 3257 667 3304 rasura,
686 3242 791 3293 temere
810 3240 844 3308 F,
865 3256 898 3292 ex
917 3240 1028 3294 dilectis
1049 3256 1111 3293 care

103 3311 132 3362 et
150 3311 247 3363 tenere
268 3312 298 3378 Τ,
319 3327 352 3363 ex
371 3309 483 3363 dilectis
503 3313 531 3363 et
548 3312 644 3364 tenere
663 3309 790 3363 educatis
809 3312 855 3379 ic,
875 3328 908 3365 ex
927 3311 1040 3366 dilectis
1059 3312 1110 3382 [et]

101 3381 197 3434 tenere
217 3380 368 3452 [educatis]
387 3399 441 3451 ops
456 3386 460 3450 Ι
476 3381 638 3434 fiduciamc'
664 3384 673 3450 ΙΙ
697 3387 729 3434 16
749 3382 854 3436 adom.
874 3401 949 3453 caps
976 3385 984 3452 lt
1014 3388 1046 3435 17
1067 3399 1111 3436 ex·

100 3453 199 3520 pectat
218 3454 382 3520 (exspectat)
401 3469 490 3506 omues
513 3455 522 3522 Η
546 3457 578 3505 18
598 3452 776 3506 LECTIONE
798 3454 843 3523 Qu
857 3460 891 3507 20
913 3452 1111 3524 deprauauerit

95 3521 321 3591 Vfflffc'aepc
329 3526 345 3592 (s
357 3529 388 3576 21
400 3523 531 3580 inhercia
541 3525 571 3579 Ε
584 3527 593 3596 tt
608 3530 641 3578 22
652 3524 826 3579 insationeV
837 3528 898 3593 tt‘tb
905 3525 1014 3592 poterit
1024 3527 1114 3590 iocus
