2370 3832
446 179 563 236 AGRIO.
575 180 591 234 *I
604 185 709 235 37-39
1038 182 1083 246 45
1100 203 1106 214 .

69 347 144 392 ease
162 324 331 392 debebunt
354 347 392 390 ea
411 325 645 412 magnitudine,
668 348 750 410 quae
769 326 839 411 apis
858 326 997 392 formam
1015 349 1082 392 non

69 415 179 500 possit
202 415 363 480 excedere.
405 415 452 480 sic
475 415 563 479 enim
584 415 691 480 noxiis
715 414 909 481 animalibus
930 416 1082 501 ingressu

70 504 245 570 resistetur
269 507 423 589 angusto:
445 503 548 568 uel
522 525 551 567 ιι
572 525 649 587 apes
668 504 816 570 obsidere
833 503 1007 590 noluerint,
1030 527 1079 570 ex·-

70 596 187 659 euntes
211 591 291 674 alio,
315 614 388 657 oum
410 614 476 658 non
494 591 651 677 defuerit,
673 597 808 658 utentur
831 614 972 679 egressu.

45 851 59 891 ι
126 860 129 866 -
340 822 399 888 DE
423 821 583 889 APIBVS
607 821 818 888 EMENDIS.

63 1003 68 1014 .
137 947 227 1033 Apes
256 947 285 1012 si
312 947 465 1012 emendae
489 951 584 1032 sunt,
612 947 853 1031 prouideamus,
884 951 921 1011 ut
959 911 1137 978 XXXVIII

70 1038 168 1122 plena
187 1035 330 1100 aluearia
349 1040 576 1120 conparentur:
600 1058 698 1119 qnam
716 1057 786 1100 rem
803 1036 884 1100 uel'
875 1058 921 1100 m·
957 998 1126 1087 (XXXIX)

72 1126 198 1210 spectio
223 1124 277 1189 uel
300 1126 474 1190 murmuris
498 1125 690 1210 magnitudo
711 1124 766 1188 *uel
787 1123 970 1208 frequentia
990 1146 1079 1189 mon-

74 1218 160 1279 strat
193 1214 405 1279 commeantis
439 1235 475 1278 ac
502 1213 676 1277 remeantis
706 1212 875 1277 examinis:
908 1234 948 1276 ex
975 1212 1083 1278 uicina

36 1303 185 1388 upotdus
218 1324 316 1385 quam
349 1302 528 1389 longinqua
559 1301 705 1386 regione,
740 1324 781 1366 ne
819 1301 903 1367 aeris
933 1301 1082 1367 nouitate

73 1395 285 1476 temptentur.
332 1391 360 1455 si
386 1413 464 1456 uero
491 1390 622 1476 longius
650 1390 856 1456 adueheudae
880 1393 970 1471 sunt,
998 1390 1082 1456 collo

73 1486 170 1547 nocte
198 1483 382 1564 portentur:
414 1502 472 1545 nec
501 1479 669 1544 conlocare
701 1501 760 1544 nec
786 1480 911 1564 aperire
939 1480 1083 1544 alnearia

54 1570 137 1634 nisi
156 1590 291 1652 uespere
310 1568 454 1632 instante
474 1568 636 1633 debemus.
672 1570 874 1652 speculemur
893 1568 1005 1634 deinde
1024 1591 1082 1654 per
1106 1569 1125 1632 2

73 1658 229 1741 triduum,
247 1679 288 1721 ne
307 1679 401 1722 omne
420 1655 533 1722 ianuas
553 1679 628 1722 suas
648 1657 833 1743 egrediatur
846 1679 989 1722 examen.
1020 1657 1083 1723 hoc

38 1773 60 1813 ιι
73 1747 161 1812 euim
184 1747 279 1831 signo
302 1745 415 1831 fugam
438 1745 638 1811 meditantur
657 1747 834 1812 adsumere.
871 1751 985 1812 eontra
1003 1746 1083 1812 haec

72 1835 126 1911 uel
153 1839 263 1900 cetera
291 1855 349 1899 suo
377 1856 588 1920 unaquaeque
616 1857 727 1900 mense
753 1836 931 1901 reddemus.
973 1840 1083 1901 tamen

72 1925 250 1990 creduntur
282 1945 348 1987 non
379 1923 505 2008 fugere,
538 1925 566 1988 si
595 1928 718 1988 stercus
745 1925 956 2009 primogeniti
985 1925 1083 1990 uituli

71 2014 257 2078 adlinamus
281 2012 392 2076 oribus
414 2012 632 2077 uasculorum.

438 2241 498 2308 DE
521 2239 724 2307 BALNEIS.

140 2365 218 2431 Non
237 2364 379 2430 alienum
397 2371 456 2450 est,
475 2366 503 2431 si
520 2388 623 2450 aquae
638 2364 730 2450 eopia
743 2365 897 2450 patiatur,
942 2327 1136 2394 XXXVIIII

73 2453 346 2540 patremfamilias
370 2455 459 2519 det
427 2477 443 2519 s
445 2459 593 2520 tractura
610 2454 720 2518 balnei
739 2452 895 2540 cogitare:
987 2415 1074 2506 (XL)

74 2565 158 2628 quae
190 2564 242 2608 res
275 2547 308 2606 et
340 2543 504 2626 uoluptati
536 2541 712 2644 plurimum
742 2543 949 2609 conferatt
911 2547 949 2608 et
976 2544 1084 2608 sulutzi.

74 2634 186 2717 itaque
214 2632 367 2696 balneum
394 2632 692 2697 constituemusin
656 2654 754 2697 mea
775 2638 882 2716 parte,
909 2654 974 2716 qua
997 2633 1085 2697 calor

149 2821 444 2904 [magnitudinemp
466 2826 475 2894 11
498 2829 514 2876 2
536 2823 645 2893 possint
663 2824 690 2876 L
712 2827 721 2893 11
743 2831 759 2878 3
779 2824 950 2904 angustat}
971 2826 980 2893 11
1003 2822 1084 2876 4cui

75 2893 220 2948 defuerint
238 2895 279 2960 Ε,
303 2893 353 2947 ubi
375 2911 432 2947 non
454 2893 559 2948 irruunt
581 2912 669 2965 ucys
694 2911 743 2949 om.
760 2913 782 2964 p
806 2896 810 2966 1
835 2893 961 2948 uitentur
983 2893 1083 2960 LVG,

76 2966 170 3020 nitent
188 2965 219 3018 Ε
226 2968 247 3045 11
271 2970 285 3018 7
306 2964 432 3018 albearia
452 2965 502 3035 QS
516 2967 528 3036 1
553 2965 600 3018 nel
620 2982 670 3020 om.
688 2966 714 3020 G
736 2969 745 3036 11
767 2971 783 3019 8
807 2967 946 3019 monstrat
969 2981 1019 3018 cm.
1036 2936 1086 3036 pil

76 3034 542 3105 texaminisprcbantpletex
563 3038 620 3105 Tu
640 3037 692 3108 []et
712 3038 837 3107 excas!
834 3038 888 3106 110
907 3050 1084 3104 quamcito,

76 3125 163 3177 quam
181 3108 240 3179 [ex]
259 3109 335 3177 oyen
350 3113 381 3159 11
401 3110 545 3162 teneantur
559 3037 808 3176 p‚tei1tenturca
833 3123 847 3161 a
863 3124 866 3176 1
883 3105 1061 3160 uehenda

77 3186 110 3232 12
127 3181 212 3233 nocte
227 3176 299 3232 collo
314 3178 402 3248 Euge
414 3181 424 3248 11
439 3185 472 3232 13
486 3182 551 3248 post
563 3177 689 3232 triduum
703 3125 829 3246 Lerni,
845 3175 1022 3245 postridunm
1038 3177 1063 3230 G

77 3256 110 3305 16
130 3253 160 3304 et
178 3251 273 3303 cetera
292 3249 419 3319 Eiucps
443 3257 447 3317 1
472 3250 689 3330 unumquodque
707 3250 808 3330 copel
804 3247 1022 3321 lreuidebimus
1041 3265 1059 3302 u

77 3328 109 3376 17
130 3320 283 3375 creduntur
301 3318 450 3399 confugere
468 3321 525 3376 SE
547 3325 556 3402 1
582 3319 755 3390 primigeniti
773 3319 861 3374 LSF
880 3321 890 3387 11
914 3324 946 3373 18
966 3317 1086 3374 adlinia·

76 3410 138 3446 mus
158 3392 185 3446 θ
207 3394 217 3460 11
240 3396 274 3443 20
294 3389 404 3460 copiam
424 3392 447 3461 Q
470 3395 474 3460 1
493 3392 620 3462 potiatur
638 3393 668 3445 Ε
688 3394 698 3461 11
718 3397 750 3445 21
771 3392 914 3445 destructa
932 3389 980 3459 L¹,
999 3408 1028 3444 m
1046 3390 1086 3444 [ι’

76 3479 163 3532 cupra
186 3465 195 3533 11
219 3467 253 3515 22
277 3461 385 3516 confert
405 3462 594 3534 QSTFa'uys
616 3464 625 3532 11
649 3468 682 3516 23
706 3462 908 3518 constituamus
927 3462 981 3532 E
965 3462 973 3493 ¹
1006 3478 1021 3516 e
1040 3461 1086 3516 ΕΞ

76 3550 164 3603 cupra
