2370 3832
318 208 321 215 ’
376 260 378 265 ,
453 200 570 256 AGRIO.
585 200 730 255 xre-14
1029 201 1094 267 207

86 350 120 413 et
144 346 351 412 caerefolium
375 347 461 412 circa
484 347 634 412 octobres
658 347 807 412 calendas
836 351 869 411 et
891 346 1036 412 lactucas
1062 351 1096 412 et

85 437 179 502 betas
210 440 242 500 et
265 437 471 501 coriandrum
495 440 528 500 et
549 436 665 520 primis
688 435 801 501 diebus
824 458 904 519 rapa
927 440 960 500 et
983 458 1094 520 napos.

476 736 536 801 Du
560 736 702 802 POMIS.

152 879 264 944 Mense
291 877 469 963 septembri
493 879 578 944 circa
601 879 749 944 calendas
774 879 924 943 octobres
947 879 999 943 uel
1045 879 1146 944 XIIII

56 968 248 1036 afebruario
277 968 412 1033 tubures
441 990 584 1033 seremus
613 968 726 1032 subole
755 968 808 1032 uel
836 967 972 1051 nucleis,
1002 969 1092 1033 cuius

83 1062 195 1122 tenera
218 1056 393 1142 diligenter
415 1056 535 1122 nutriri
556 1057 652 1121 debet
670 1056 817 1121 infantia.
855 1059 1001 1121 sumatur
1020 1078 1093 1121 cum

83 1146 248 1211 radicibus
271 1146 386 1230 planta
404 1145 542 1212 diuulsa.
579 1144 701 1209 bubulo
720 1146 797 1210 fimo
816 1143 938 1210 linetur
957 1167 994 1209 ac
1013 1145 1093 1210 luto.

84 1238 249 1300 statuatur
273 1233 388 1320 pingui
411 1239 500 1300 terra
523 1238 557 1300 et
580 1234 716 1299 subacta
739 1233 878 1299 subditis
902 1232 1033 1298 conchis
1059 1238 1092 1298 et

83 1324 210 1388 marina
237 1323 325 1407 alga:
353 1324 450 1388 terris
478 1344 597 1409 magna
625 1323 676 1388 sui
703 1327 797 1407 parte
825 1323 988 1388 condatur.
1036 1322 1137 1386 aliia

43 1439 69 1479 ιι
82 1412 189 1498 pomis
213 1411 327 1477 statim
351 1434 454 1498 grana
477 1413 612 1477 decussa
635 1416 668 1476 et
692 1411 759 1477 sole
784 1411 906 1477 siccata
924 1411 1037 1497 pingui
1058 1416 1091 1476 et

83 1523 185 1587 prope
209 1501 351 1566 cribrata
369 1505 458 1566 terra
476 1506 633 1566 autumno
652 1501 717 1564 tria
736 1501 834 1565 simul
852 1505 987 1585 ponunt,
1010 1521 1091 1584 quae

82 1590 231 1656 feruntur
262 1590 298 1654 in
329 1590 460 1655 unicum
493 1589 578 1655 coire
610 1588 805 1676 uirgultum:
838 1589 923 1674 quod
958 1589 1092 1654 adsidua

83 1679 245 1764 rigatione
275 1679 453 1744 iuuandum
485 1683 535 1744 est
568 1683 664 1763 atque
695 1678 837 1758 fossura,
870 1701 952 1764 quae
986 1679 1091 1743 solum

82 1769 200 1834 leuiter
214 1769 361 1852 scalpens
376 1767 587 1834 teneritudini
601 1769 703 1833 robur
717 1768 858 1834 inducat.
881 1772 957 1853 post
971 1789 1091 1832 anuum

43 1882 68 1922 ιι
83 1857 196 1922 deinde
223 1857 276 1921 uel
306 1857 473 1941 aliquanto
501 1857 640 1941 tardius⁷
668 1880 750 1942 quae
778 1856 877 1922 fuerit
904 1857 942 1921 de
968 1857 1091 1921 semine

81 1947 208 2030 planta,
224 1946 440 2036 transfertur:
466 1952 499 2011 et
521 1947 584 2012 hoc
608 1968 725 2031 genere
748 1945 874 2012 fructus
897 1945 999 2010 efficit
1021 1946 1090 2009 dul-

82 2034 195 2100 ciores.
232 2057 341 2099 mense
364 2036 511 2100 ianuario
534 2035 650 2099 ultimo
674 2034 728 2099 uel
750 2033 914 2099 februario
933 2033 1088 2097 tuburum
1114 2035 1135 2100 3

82 2123 230 2188 surculus
249 2123 446 2188 mirabiliter
462 2123 593 2208 proficit
611 2123 755 2208 cydoneo
775 2123 902 2187 insitus.
935 2122 1091 2185 inseritur

82 2215 193 2277 autem
220 2212 314 2277 melis
342 2212 493 2277 omnibus
521 2215 555 2275 et
581 2211 661 2296 piris
690 2214 723 2275 et
745 2210 857 2295 prunis
882 2214 914 2274 et
938 2210 1091 2275 calabrici

41 2327 67 2367 ao
81 2301 197 2365 melius
221 2306 337 2366 trunco
361 2301 439 2366 fisso
463 2322 562 2385 quam
585 2299 714 2365 cortice.
756 2299 893 2383 desuper
916 2298 1013 2382 qualo
1037 2299 1090 2362 uel

80 2389 176 2455 fictili
199 2411 275 2454 uase
299 2391 445 2454 munitur
468 2388 600 2474 repletis
624 2410 727 2472 usque
745 2409 846 2471 prope
866 2387 1090 2452 summitatem

80 2478 220 2544 surculis
239 2482 327 2542 terra
343 2479 478 2544 subacta
492 2501 565 2543 cum
580 2482 732 2542 stercore.
755 2480 892 2559 prosunt
908 2476 1091 2561 tuburibus,

81 2589 163 2653 quae
187 2567 280 2631 melis
304 2568 457 2652 prodesse
480 2566 667 2632 memoraui.
704 2565 838 2630 tubures
865 2566 1091 2648 seruabuntur,

80 2656 109 2722 si
137 2656 317 2721 obruantur
344 2657 379 2721 in
406 2657 497 2721 milio
525 2656 579 2720 uel
605 2654 744 2720 urceolis
771 2654 889 2738 picatis
913 2658 946 2719 et
969 2653 1091 2718 oblitis.

152 2857 165 2902 1
192 2848 354 2903 cerefolium
377 2850 418 2916 Ε,
447 2847 662 2902 caerofoliumc'
688 2848 698 2916 11
726 2852 741 2899 2
769 2845 944 2901 coliandrum
967 2844 1063 2899 LVF
1082 2844 1092 2916 11

79 2927 96 2973 4
115 2919 237 2974 octobris
256 2921 293 2989 Ε,
313 2937 362 2974 om.
378 2920 409 2973 Ε
428 2920 437 2987 11
460 2925 476 2972 5
495 2918 608 2973 tuberes
627 2919 658 2971 Ε
665 2918 818 2986 TGiacps
839 2920 843 2987 1
869 2916 921 2970 sub
940 2917 1016 2972 olero
1035 2916 1066 2969 E
1081 2921 1091 2987 11

79 2997 95 3044 6
114 2990 221 3044 nutrire
242 2990 268 3044 G
288 2994 292 3061 1
318 2994 473 3044 summatur
491 2991 520 3043 P
539 2992 548 3060 11
572 2996 587 3043 7
607 2990 726 3044 obuulsa
743 2989 774 3041 Ε
793 2994 796 3056 1
821 2988 938 3042 linietur
956 2988 993 3057 Ε,
1012 2985 1092 3038 lime-

78 3064 124 3115 tur
147 3063 176 3130 Τ,
195 3060 313 3115 liniatur
333 3063 366 3131 G,
384 3061 492 3116 linatur
511 3079 588 3143 ocps
605 3064 615 3131 11
639 3067 670 3114 11
690 3060 776 3130 probe
794 3063 831 3130 811
850 3066 883 3114 12
902 3057 992 3114 fertur
1011 3056 1067 3110 SE
1086 3058 1091 3127 1

79 3135 111 3187 ut
133 3132 248 3187 unicum
266 3133 305 3201 L,
328 3131 474 3187 inimicum
492 3134 528 3202 F,
551 3151 582 3186 ιιι
603 3151 691 3186 unum
709 3133 836 3201 Eiocpa
865 3132 869 3200 1
901 3130 1039 3186 adsiduae
1058 3126 1094 3195 L,

79 3203 192 3258 assidue
211 3204 296 3258 VSF
319 3205 328 3274 11
357 3211 390 3259 14
409 3221 526 3275 carpens
544 3206 575 3258 Ε
600 3207 609 3273 11
637 3209 669 3257 15
689 3201 794 3256 fuerint
812 3204 843 3257 Ε
868 3203 877 3271 11
906 3207 940 3258 17
963 3200 1096 3255 tuberum

78 3276 201 3347 PScpr,
224 3274 389 3329 tuburinum
407 3277 438 3331 F
458 3280 468 3347 11
492 3281 524 3329 18
548 3275 665 3329 cidoneo
683 3275 742 3342 ST,
766 3273 891 3342 cydonea
911 3274 950 3345 F,
974 3267 1096 3340 cydonio

78 3348 137 3402 cdd.
164 3351 168 3416 1
193 3348 335 3401 Inseratur
353 3348 383 3400 Ε
408 3350 417 3418 11
446 3354 479 3402 19
498 3346 580 3400 malis
599 3346 739 3418 E²iacqs
763 3346 767 3415 1
793 3348 823 3399 et
842 3342 913 3415 piris
934 3363 985 3402 ora.
1002 3339 1097 3410 Gap,

77 3420 142 3473 incl.
157 3435 171 3473 s
187 3421 190 3488 1
208 3420 237 3472 et
256 3417 390 3473 calabrici
408 3435 457 3474 om.
470 3421 514 3488 pn
529 3424 562 3472 20
581 3418 646 3472 fisso
659 3419 759 3471 trunco
773 3417 804 3470 Ε
819 3418 823 3488 1
839 3415 901 3471 calo
917 3418 951 3473 Ε
963 3419 973 3487 11
987 3419 1020 3468 22
1037 3427 1098 3464 sur-

78 3489 136 3544 culi
154 3507 168 3544 s
188 3491 192 3560 1
213 3488 358 3544 tuberibus
377 3489 564 3560 E'TGacps
586 3491 594 3559 11
618 3495 651 3543 23
670 3487 753 3542 malis
772 3487 915 3557 E’tacqs
938 3491 944 3563 1
964 3480 1099 3542 omnibus

73 3568 139 3631 post
156 3559 237 3615 melis
255 3562 307 3616 ias.
322 3561 353 3614 Ε
368 3561 371 3630 1
387 3560 500 3614 tuberes
519 3562 661 3633 ETocps
672 3562 737 3630 1121
750 3574 825 3612 unce
842 3557 1023 3623 dispice-,atus
1036 3549 1074 3597 Ὲ
