2378 3832
109 158 175 224 202
529 156 700 212 PALLADII

109 305 245 370 inarare.
278 304 394 368 melius
413 308 524 368 tamen
543 303 694 368 omnibus
714 302 865 368 remediis
885 303 959 389 erit,
976 303 1003 368 si
1021 322 1095 387 aqua-

109 395 177 458 rius
197 394 306 457 sulcus
323 393 457 457 noxium
475 393 613 458 deducat
630 413 787 457 umorem.
811 392 847 456 in
861 390 1030 458 mediocris
1042 388 1096 476 egn'
1142 418 1144 465 3

109 483 222 567 iugero
252 482 393 566 quinque
420 481 523 546 tritici
547 479 672 545 modios
697 484 730 545 et
753 480 864 545 adorei
886 481 1023 546 totidem
1041 501 1096 546 ccu-

110 593 263 636 seremns
312 593 389 635 nam
426 575 582 655 quattuor
619 591 698 654 ager
727 568 860 655 pinguis
893 570 1037 654 accipiat.
1075 566 1097 631 si

110 660 268 745 modium,
296 682 360 744 quo
388 663 537 742 seretur,.
555 659 700 743 hyaenae
726 658 813 742 pelle
840 659 994 724 uestieris
1017 661 1044 724 et
1062 655 1122 721 ibis

110 748 323 834 aliquamdiu,
355 748 442 832 qued
470 748 641 813 serendum
669 751 733 830 est,
766 769 836 811 esse
864 748 1017 832 patiaris,
1043 749 1096 811 satu

64 838 190 903 2bene
218 836 389 920 prouenire
420 836 601 901 firmantur.
646 836 741 921 item,
773 837 929 919 quoniam
963 835 1097 920 quaedam

109 925 263 990 animalia
291 927 502 990 subterranea
530 925 627 990 sectis
650 925 815 990 radicibus
837 928 958 990 necant
981 926 1097 1009 plerun-

109 1037 171 1099 que
198 1014 374 1098 frumenta,
403 1019 517 1080 contra
543 1015 606 1079 hoc
631 1013 790 1098 proderit,
819 1014 847 1077 si
874 1013 1010 1100 herbae,
1036 1033 1098 1097 quac

108 1105 221 1169 sedum
248 1103 381 1189 dicitur,
409 1125 504 1169 sucus
532 1125 634 1187 aquae
660 1103 782 1168 mixtus
805 1124 872 1167 una
893 1107 991 1169 nocte
1014 1101 1125 1167 made-n

108 1193 216 1276 faciat,
240 1215 321 1277 quae
345 1192 528 1277 spargenda
551 1195 636 1276 sunt,
659 1192 795 1256 semina:
822 1191 876 1256 uel
899 1192 1038 1277 agrestis
1058 1211 1099 1255 cu·

108 1282 247 1347 cumeris
275 1304 370 1347 umor
397 1304 567 1366 expressus
596 1285 630 1346 et
652 1280 721 1345 eius
744 1280 836 1345 radix
859 1279 956 1365 trita,
984 1280 1012 1345 si
1033 1299 1100 1363 aqua

108 1371 250 1436 diluatur
282 1375 315 1436 et
346 1371 472 1452 eodem,
510 1393 591 1455 quae
625 1370 760 1434 serenda
792 1372 882 1454 sunt,
915 1371 1100 1434 macerentur

107 1482 228 1525 umore.
275 1460 376 1543 aliqui
408 1459 465 1524 ubi
492 1459 555 1524 hoc
582 1463 709 1545 segetes
737 1480 812 1523 suas
839 1457 984 1542 perferre
1013 1477 1099 1522 sense

106 1554 197 1634 runt,
224 1549 310 1612 inter
336 1548 432 1612 initia
459 1548 617 1613 uitiorum
643 1547 769 1612 insulsa
795 1568 929 1612 amurca
951 1548 1005 1612 uel
1027 1566 1099 1632 prae
1109 1559 1125 1602 1⁵

107 1637 194 1701 dicta
217 1658 302 1720 aqua
324 1637 431 1701 sulcos
456 1641 490 1701 et
513 1641 605 1701 arata
627 1636 833 1720 perfundunt.

199 1867 259 1932 DE
284 1865 491 1932 SERENDO
514 1864 699 1932 HORDEO
723 1863 1025 1932 CANTHERINO.

51 1991 119 2057 ΠΠ
191 1992 286 2058 Nunc
314 1991 430 2078 gracili
458 1992 527 2056 sole
556 1992 713 2057 herdam
741 1990 861 2056 seritur
888 1991 1102 2057 cantherinum

106 2083 223 2147 modiis
252 2081 393 2166 quinque
420 2102 479 2165 per
501 2080 659 2165 iugerum.
705 2080 867 2164 posthoc
890 2101 994 2166 genus
1018 2099 1102 2167 agros

105 2193 231 2236 cessare
255 2170 404 2255 patieris,
426 2168 490 2233 nisi
513 2168 598 2232 forte
621 2168 784 2234 laetamen
807 2191 973 2255 aspergas.
1113 2185 1129 2227 u

362 2401 421 2466 DE
444 2399 611 2466 LVPINO
638 2397 856 2465 SERENDO.

50 2522 83 2590 V
178 2524 273 2590 Nunc
299 2527 352 2591 uel
383 2526 542 2591 maturius
571 2524 738 2609 aliquanto
767 2524 898 2608 lupinus
928 2525 1049 2591 seritur
1076 2523 1106 2588 in

107 2613 333 2699 qualicumque
362 2619 449 2680 terra
477 2615 530 2679 uel
558 2614 764 2679 crudos010:
797 2612 849 2678 cui
871 2613 935 2679 hoc
958 2613 1106 2698 proderit,

105 2707 143 2768 ut
163 2707 297 2788 seratur,
316 2707 488 2788 antequam
507 2703 612 2789 frigus
630 2702 777 2786 incipiat.
810 2703 928 2767 limoso
948 2724 1030 2788 agro
1048 2722 1107 2768 non

103 2793 261 2858 nascitur:
280 2799 402 2859 cretam
420 2792 619 2876 reformidat,
638 2795 728 2855 amat
746 2791 863 2855 exilem
878 2795 1003 2855 terram
1017 2795 1136 2875 atqueu

103 2883 277 2948 rubricam.
322 2883 432 2947 decem
456 2882 572 2946 modiis
596 2881 701 2965 iugeri
724 2901 875 2944 mensura
899 2880 1075 2965 conpletur.

175 3099 190 3145 3
210 3095 239 3146 et
257 3091 335 3146 ordei
353 3093 394 3160 E,
414 3109 498 3159 einp
521 3094 529 3160 tt
553 3098 571 3145 4
591 3107 658 3160 ager
676 3091 740 3143 incl.
762 3107 816 3160 cqc
832 3090 835 3159 l
853 3089 974 3159 accipiet
993 3092 1085 3162 iacye
1100 3088 1108 3160 ll

102 3164 252 3218 tmodum
270 3163 301 3216 F
323 3166 326 3233 t
352 3180 406 3231 quc
431 3164 538 3216 seretur
559 3179 642 3230 emp
667 3162 671 3229 Ι
697 3162 858 3214 conseretur
876 3161 912 3230 F,
937 3161 1041 3216 seritur
1058 3162 1086 3216 E
1103 3161 1106 3231 l

101 3235 202 3288 hienae
220 3234 278 3303 68,
292 3234 383 3304 hyenc
400 3236 425 3288 T
435 3237 444 3303 ΙΙ
459 3240 474 3287 6
489 3233 606 3302 patieris
620 3235 695 3303 iacq
708 3235 717 3301 ΙΙ
733 3236 747 3284 7
763 3248 846 3301 quem
856 3248 910 3299 pro
923 3233 1059 3300 quoniam
1070 3249 1090 3301 p
1101 3231 1110 3302 tl

102 3311 118 3358 9
146 3306 217 3360 haec
240 3324 318 3377 acqe
345 3308 353 3375 tt
382 3312 415 3358 14
442 3305 513 3358 hacc
535 3322 612 3375 acqs
641 3307 645 3373 1
676 3302 814 3356 senserint
836 3319 913 3372 ccqe
941 3306 950 3372 11
979 3310 1013 3358 15
1041 3304 1110 3357 inter

102 3392 152 3430 om.
168 3378 198 3430 Ε
213 3379 217 3447 t
234 3394 312 3430 amur
333 3394 350 3430 a
369 3379 396 3430 P
408 3380 416 3447 {t
432 3382 465 3429 16
485 3378 563 3429 areta
578 3377 613 3444 F,
633 3377 728 3428 aratra
747 3374 929 3454 VSTGc‘c9,
951 3377 1045 3430 aratro
1062 3375 1091 3429 E

102 3452 135 3499 17
160 3446 316 3502 CANTERI
348 3447 370 3502 Ο
394 3446 572 3517 (canterino)
593 3447 668 3501 codd.
702 3449 710 3515 ΙΙ
743 3450 775 3497 18
801 3448 976 3498 cantcnnum
1000 3447 1074 3501 codd.

93 3523 131 3571 19
141 3517 236 3572 modis
257 3520 284 3576 G
308 3523 321 3593 l!
349 3526 382 3576 22
403 3518 558 3591 aliquando
579 3519 606 3573 E
626 3521 642 3588 tt
660 3522 696 3570 ‘tt
715 3515 848 3582 annulata
866 3516 907 3582 L„
919 3515 1110 3583 imqlehiture
