2378 3832
102 140 148 203 44
522 137 692 192 PALLADE

104 288 309 371 praeparata,
335 283 452 369 quibus
476 283 655 368 excipiatur
679 286 863 350 examinum
886 285 978 350 rudis
999 285 1122 350 -iuuenae

60 374 167 440 btus.
211 374 333 438 uitetur
361 373 440 438 odor
469 374 561 438 coeni
588 377 621 438 et
649 396 763 439 cancer
791 378 925 439 exustus
953 381 988 438 et
1014 374 1115 456 locus,

107 461 163 547 qui
191 463 232 526 ad
258 463 435 526 humanam
462 482 575 526 uocem
601 461 685 527 falsa
716 461 898 528 imitatione
932 463 1109 547 respondet

106 551 216 615 absint
239 555 273 614 et
294 550 415 616 herbae
438 551 657 635 tithymallus,
680 552 873 635 elleborum,
896 551 1039 636 thapsia,
1060 553 1109 617 ab

106 640 280 722 sinthium,
308 639 452 704 cucumis
478 640 618 724 agrestis
646 646 679 705 et
703 641 808 706 omnis
831 641 1016 705 amaritudo
1040 663 1106 706 con·
1137 656 1149 698 s

105 729 260 794 ficiendae
284 729 420 792 aduersa
442 728 613 793 dulcedini.

94 867 285 956 xxxvm
318 816 1110 992 mtltttdsslhtlellinhilt

106 999 183 1060 tunt
200 993 268 1060 uim
286 994 419 1079 frigoris
440 998 497 1059 aut
516 995 641 1059 caloris.
676 999 814 1080 possunt
828 1000 939 1060 tamen
953 1001 988 1059 et
1002 995 1109 1060 ferulis

106 1085 185 1149 fieri.
231 1084 259 1148 si
287 1084 366 1148 haec
394 1083 514 1163 desint,
544 1082 679 1168 salignis
707 1084 886 1148 uiminibus
913 1083 1111 1149 fabricentur
1120 1100 1141 1146 a·

105 1174 158 1238 uel
187 1173 277 1259 ligno
305 1177 439 1237 cauatae
463 1172 588 1236 arboris
612 1177 669 1236 aut
691 1173 813 1238 tabulis
837 1193 1110 1257 morecuparum

106 1262 222 1327 fictilia
254 1260 428 1326 deterrima
460 1265 549 1346 sunt,
582 1283 663 1345 quae
696 1266 729 1325 et
760 1261 867 1326 hieme
899 1261 1055 1347 gelantur
1081 1263 1112 1325 et

54 1347 140 1437 712)
186 1353 310 1415 aestate
329 1349 523 1414 ferueaeunt.
560 1351 616 1414 sed
635 1350 720 1414 inter
738 1372 777 1414 ea
794 1350 875 1435 loca,
893 1371 975 1434 quae
995 1349 1112 1414 muniri

108 1439 222 1503 debere
245 1439 403 1523 praecepi,
425 1439 524 1522 podia
546 1439 647 1503 ternis
671 1440 738 1503 alta
758 1439 895 1522 pedibus
914 1438 1112 1504 fabricentur

107 1528 239 1591 inducta
261 1530 403 1591 testaceo
428 1530 461 1590 et
485 1527 609 1591 albario
634 1549 729 1610 opere
752 1527 896 1613 lenigata
918 1529 1142 1612 propterla·15

108 1621 271 1680 certorum
295 1620 541 1698 ceterorumque
566 1616 755 1680 animalium
775 1638 903 1697 noxam,
927 1617 1047 1700 quibus
1066 1621 1114 1682 est

42 1781 44 1784 ¹
108 1705 208 1768 moris
240 1705 400 1787 inrepere:
433 1709 466 1767 et
498 1725 596 1787 supra
628 1706 707 1770 haec
735 1704 833 1788 podia
865 1705 1010 1770 aluearia
1043 1727 1114 1772 con·

109 1794 257 1857 locentur
279 1793 335 1874 ita,
357 1795 395 1855 ut
417 1793 629 1876 nonpossint
647 1793 751 1858 imbre
771 1794 942 1878 penetrari,
966 1793 1115 1878 spatiolis

108 1882 193 1945 inter
216 1903 250 1945 se
273 1881 461 1966 patentibus
483 1886 663 1968 segregata.
700 1885 859 1966 angustus
877 1885 989 1947 tamen
1009 1883 1115 1948 aditos

108 1970 263 2035 admittat
285 1971 433 2035 examina
456 1974 590 2054 propter
613 1971 746 2056 frigoris
765 1974 798 2035 et
816 1971 933 2036 caloris
953 1971 1116 2036 iniuriam.
1129 1995 1150 2035 a

108 2082 185 2124 sane
199 2059 306 2126 uentis
320 2058 544 2144 frigidioribus
560 2060 645 2124 altus
660 2059 767 2143 paries
781 2060 923 2143 resistat,
939 2061 995 2143 qui
1008 2061 1117 2126 locum

55 2149 75 2214 8
91 2145 143 2236 (3)
189 2150 294 2234 possit
313 2148 452 2213 defensis
471 2148 601 2213 sedibus
620 2149 775 2233 aprieare.
806 2149 913 2212 aditus
928 2170 1042 2214 omnes
1057 2150 1118 2215 soli

109 2240 315 2323 obponantur
338 2238 488 2319 hiberno,
516 2238 571 2320 qui
596 2237 631 2301 in
653 2259 718 2302 uno
742 2238 863 2302 cortice
886 2238 950 2302 duo
974 2239 1028 2302 uel
1051 2243 1119 2303 tres

53 819 93 955 ⁶<

180 2506 193 2551 1
214 2498 349 2552 iubuntus
361 2501 387 2552 L
401 2502 411 2569 11
425 2506 440 2553 2
455 2499 561 2553 uitetur
575 2515 624 2554 om.
636 2517 659 2568 p
674 2501 678 2570 1
695 2499 824 2554 stercoris
840 2499 889 2565 V1,
905 2498 985 2553 coeni
999 2516 1052 2555 om.
1068 2501 1119 2568 11¹,

106 2571 167 2624 bob.
179 2569 221 2623 V²
229 2587 322 2638 supro,
337 2570 395 2624 feni
405 2572 434 2624 E
449 2575 452 2642 1
470 2571 586 2624 adustus
599 2571 718 2641 Tiaoyc
731 2575 740 2641 11
753 2577 770 2624 4
784 2570 934 2625 titimallus
947 2571 978 2640 Q,
990 2570 1120 2641 titymsl-

107 2641 151 2694 lus
165 2642 196 2709 V,
216 2639 372 2709 tytimallus
392 2642 419 2709 S,
438 2641 584 2710 tytimalus
603 2642 632 2708 T,
651 2640 817 2710 tithymalus
835 2660 856 2711 a,
875 2641 1057 2710 tithymallus
1070 2650 1118 2698 oct.

107 2713 165 2767 cdd.
205 2711 357 2765 elleborum
369 2712 483 2781 QVST
496 2719 499 2776 1
515 2711 610 2782 tapsia
623 2729 673 2766 om.
680 2730 710 2782 p,
724 2712 813 2767 tarsia
826 2713 1026 2782 babeatLST,
1040 2713 1120 2768 thar-

108 2783 151 2838 sia
197 2783 230 2851 G,
250 2782 363 2836 thabsia
380 2784 415 2852 F,
433 2782 559 2837 thabisia
577 2784 651 2837 Via
668 2801 769 2839 rosano
806 2783 964 2838 absentium
982 2785 1042 2855 LQ
1070 2786 1120 2839 ab·

108 2854 224 2909 sacrum
243 2854 329 2909 sna
349 2857 358 2924 1
382 2853 639 2924 concamerari
659 2860 674 2907 τ
694 2854 748 2909 uc.
789 2855 911 2910 xxvm.
936 2829 1120 2911 crontoc-

106 2924 477 2980 LISAPUMFORMANDIS
512 2925 550 2992 G,
587 2926 628 2979 De
664 2926 784 2980 vasculis
822 2925 917 2996 apium
953 2925 1118 2983 formandis.

106 2996 237 3051 Alvearia
265 3014 314 3064 ae,
342 2996 490 3051 XXXVIH.
518 2995 652 3051 Aluearia
678 3015 726 3068 ys,
758 2997 883 3053 albearia
911 2997 962 3067 QS
985 3002 989 3062 1
1014 2997 1120 3053 forma-

107 3068 151 3123 uit
169 3069 200 3122 E
224 3071 233 3138 11
261 3072 277 3121 8
301 3084 334 3122 ex
356 3069 441 3122 ubere
466 3067 517 3149 QS
538 3070 561 3138 (s
584 3070 680 3138 supro)
700 3070 729 3122 E
754 3072 763 3138 11
791 3075 806 3122 9
831 3085 864 3122 ex
886 3068 984 3122 ferulis
1007 3070 1092 3124 Ticc
1109 3070 1120 3142 11

108 3145 141 3193 10
160 3141 213 3193 hae
232 3141 345 3209 lueys!
367 3138 494 3209 saliginis
513 3139 642 3193 LVGE
664 3141 668 3209 1
693 3139 863 3193 inaminibus
883 3140 913 3194 Ε
932 3143 942 3210 11
966 3146 998 3192 11
1019 3141 1131 3207 stabu-⁴

106 3210 142 3263 lis
161 3212 192 3264 E
203 3213 213 3281 11
228 3217 261 3264 12
280 3209 423 3264 teterrima
441 3211 536 3281 71114
553 3209 679 3280 praecipi
698 3211 765 3278 ΕΘ,
789 3209 982 3280 praecepimus
1001 3211 1096 3282 inops

109 3287 141 3335 15
160 3281 262 3336 induta
279 3282 306 3335 L
316 3281 443 3348 VTGE,
463 3280 582 3336 induata
600 3282 622 3337 S
636 3284 640 3349 Ι
657 3280 748 3334 albari
768 3281 791 3351 Q
807 3281 997 3405 placertarum
1012 3282 1096 3352 GEp

110 3358 141 3406 17
161 3352 245 3407 moris
264 3356 307 3406 est
326 3353 374 3422 ΕΙ
391 3351 456 3406 odia
474 3353 509 3420 L,
529 3353 584 3407 duo
605 3353 640 3423 Q,
660 3352 809 3421 omplal
830 3352 907 3406 earia
927 3351 1049 3422 1181110
1069 3353 1118 3407 ad-

106 3422 224 3477 mittant
244 3423 275 3492 Q,
295 3423 433 3476 admixtat
452 3423 482 3476 Ε
497 3426 507 3494 11
526 3429 558 3477 22
579 3423 721 3494 applicare
743 3423 778 3494 Q,
799 3422 921 3492 aplicare
940 3423 971 3477 F
987 3427 998 3493 11
1015 3429 1049 3477 23
1069 3424 1119 3492 qui

105 3511 155 3548 om,
178 3494 221 3564 V)
236 3509 350 3563 corpore
370 3494 419 3549 Ga
