2378 3832
524 158 692 213 PALLADII
705 214 707 219 .

287 357 346 423 DE
369 357 543 423 LVMINn
566 358 622 423 ET
646 357 929 424 ALTITVDINE.

51 481 118 547 XII
194 483 233 547 In
259 481 373 567 primis
402 483 594 548 studendum
623 486 673 546 est
700 483 734 546 in
762 483 884 568 agresti
909 482 1049 568 fabrica,
1075 487 1111 547 ut

104 572 209 637 multa
232 572 303 636 luce
327 572 496 636 clarescat:
520 572 633 636 deinde
656 575 694 635 ut
716 574 826 654 partes
845 571 1049 655 temporibus
1068 572 1111 636 di-

103 660 206 746 uisas,
233 661 318 726 sicut
346 683 445 743 supra
472 660 552 740 dixi,
581 659 734 746 congruis
757 661 906 745 partibus
931 660 1112 744 offeramus,

103 750 136 813 id
160 753 218 834 est,
241 753 383 814 aestiuas
403 749 635 834 septemtrioni‚
658 748 811 813 hibernas
830 749 1022 834 meridiano,
1043 772 1111 814 uer·
1135 772 1145 812 5

103 861 162 903 nas
191 843 223 903 et
250 839 452 903 autumnales
481 838 607 902 orienti.
653 859 804 902 mensura
832 859 911 902 uero
939 838 1022 902 haec
1050 860 1112 902 ser·

103 928 209 992 uanda
228 927 331 992 estin
349 926 500 992 tricliniis
521 931 618 1011 atque
638 927 804 1009 cubiculis,
828 930 875 1008 ut,
899 929 1023 1011 quanta
1040 927 1112 991 lati-

102 1018 181 1082 tudo
204 1017 257 1082 uel
279 1017 451 1101 longitudo
470 1015 577 1097 fuerit,
600 1016 635 1079 in
655 1038 756 1079 unum
775 1019 971 1101 conputetur
990 1019 1025 1080 et
1043 1016 1112 1080 eius

102 1107 257 1171 medietas
280 1106 315 1169 in
337 1104 542 1170 altitudinem
566 1104 760 1169 conferatur.

336 1335 397 1401 Du
422 1335 617 1402 cennius
642 1334 875 1403 CANNIOIIS.
1056 1385 1057 1388 η
1111 1361 1150 1400 λιο

53 1460 135 1526 XlII
203 1459 355 1526 Cameras
383 1459 418 1524 in
445 1460 628 1546 agrestibus
657 1459 812 1526 aedificiis
840 1482 878 1524 ex
908 1482 946 1524 ea
978 1462 1117 1526 materia

103 1549 218 1613 utilius
246 1549 308 1612 erit
336 1548 490 1632 formare,
518 1571 600 1632 quae
628 1549 722 1614 facile
750 1549 934 1613 inuenietur
961 1549 996 1613 in
1027 1550 1116 1615 uilla.

103 1637 215 1721 itaque
248 1641 304 1700 aut
336 1637 457 1702 tabulis
490 1637 645 1702 faciemus
674 1644 731 1702 aut
759 1638 869 1718 oannis
897 1637 959 1702 hoc
988 1659 1116 1723 genere.

104 1748 228 1790 asseres
255 1724 338 1810 ligni
366 1725 476 1811 gallici
499 1728 552 1791 uel
576 1728 720 1810 cupressi
743 1727 882 1791 directos
907 1731 940 1791 et
963 1729 1116 1812 aequales

104 1815 340 1881 constituemus
364 1815 398 1879 in
422 1837 459 1880 eo
483 1815 565 1899 loco,
587 1815 645 1880 ubi
668 1837 795 1881 camera
815 1815 965 1880 facienda
983 1821 1045 1900 est,
1066 1816 1115 1881 ita
1129 1839 1152 1880 rs

103 1904 279 1987 ordinatos²
298 1906 336 1966 ut
354 1904 440 1968 inter
458 1926 492 1969 se
512 1904 745 1989 sesquipedalis
765 1926 916 1969 mensura
936 1905 981 1969 sit
999 1926 1113 1970 uacua.

102 1998 180 2058 tunc
213 2014 268 2057 eos
302 1993 425 2057 catenis
457 1993 574 2078 ligneis
607 2015 646 2058 ex
675 1992 822 2078 iunipero
853 1997 910 2057 aut
939 1993 1029 2058 oliuo
1057 1999 1115 2059 aut

104 2084 188 2147 buxo
212 2086 268 2146 aut
292 2103 444 2166 cupresso
465 2081 561 2147 factis
581 2083 620 2146 ad
641 2082 920 2168 contignationem
940 2083 1113 2166 suspende·

102 2193 173 2236 mus
202 2175 235 2236 et
262 2171 357 2236 binas
385 2171 470 2235 inter
493 2192 547 2236 eos
571 2171 711 2255 perticas
734 2171 911 2256 dirigemus
936 2171 1113 2236 tomicibus

58 2261 78 2324 2
104 2261 266 2345 alligatas.
302 2264 418 2343 postea
440 2261 620 2345 palustrem
644 2282 778 2325 cannam
801 2260 855 2324 uel
873 2260 957 2325 hano
978 2262 1113 2325 crassio-
1127 2286 1151 2325 ro

102 2371 184 2423 rem,
216 2371 298 2432 quae
330 2349 365 2413 in
397 2371 458 2414 usu
491 2343 553 2431 e'st,
586 2353 756 2414 contusam
787 2348 874 2414 facta
905 2353 938 2413 et
969 2349 1112 2414 strictim

101 2436 213 2500 iuncta
241 2441 329 2500 crate
357 2439 584 2504 subnectemus
612 2442 645 2502 et
669 2460 728 2522 per
752 2460 846 2502 omne
871 2438 1014 2522 spatium
1039 2461 1112 2503 oum

102 2525 182 2608 ipsis
207 2526 368 2589 asseribus
393 2530 425 2590 et
447 2527 580 2610 perticis
605 2526 823 2612 alligabimus.
866 2527 981 2592 dehinc
1003 2529 1111 2611 primo

102 2613 238 2696 inpensa
264 2615 412 2697 pumicea
441 2616 608 2680 induemus
637 2619 669 2680 et
697 2616 797 2680 trulla
820 2616 1046 2699 aequabimus,
1073 2620 1110 2681 ut

102 2703 188 2766 inter
211 2723 244 2765 se
269 2724 444 2767 cannarum
467 2705 613 2768 membra
636 2705 848 2790 constringat.
890 2708 966 2789 post
989 2704 1111 2770 harena
1124 2727 1148 2768 a

102 2795 135 2855 et
168 2791 254 2856 calce
288 2792 546 2876 coaequabimus.
596 2795 695 2858 tertio
729 2795 795 2858 tusi
832 2793 1004 2859 marmoris
1042 2795 1111 2878 pul·

172 3018 281 3072 4sicut
298 3037 347 3073 our.
367 3020 393 3072 L
416 3023 425 3089 ll
448 3026 463 3073 7
483 3018 603 3073 triclinis
622 3022 680 3092 Lo
702 3024 746 3102 llss
766 3025 795 3075 et
813 3021 887 3091 long.
908 3040 984 3092 ceps
1007 3026 1010 3092 Ι
1037 3023 1110 3078 eius-

102 3090 165 3144 dem
182 3090 260 3160 Gll9
280 3090 430 3145 altitudine
448 3091 548 3160 Ell12
566 3092 598 3144 In
617 3091 688 3145 uilla
706 3095 802 3160 1taque
820 3096 856 3163 sl}
871 3099 903 3146 13
923 3093 1037 3147 tabulas
1054 3093 1107 3164 El

102 3178 206 3214 cannas
224 3162 255 3215 E
276 3164 284 3231 ΙΙ
310 3168 342 3214 14
362 3161 461 3215 asseris
481 3164 538 3233 Lo
555 3165 564 3232 ΙΙ
586 3169 618 3217 15
639 3163 838 3217 constituemus
858 3167 886 3218 et
906 3164 1040 3233 aequales
1061 3166 1084 3234 Q

103 3238 136 3284 16
160 3232 368 3302 sexquipedalis
391 3234 421 3286 E
446 3236 455 3301 Η
484 3239 516 3287 18
540 3233 728 3304 lignationem
750 3235 781 3287 E
806 3239 815 3305 ΙΙ
844 3240 875 3288 19
906 3234 1035 3289 domibus
1060 3237 1086 3289 V

102 3308 134 3354 21
155 3302 260 3357 factam
279 3304 354 3372 LVl
371 3304 469 3358 stricta
488 3305 552 3358 ΕΕ
572 3309 580 3375 ll
605 3312 637 3358 22
657 3305 734 3358 fucta
758 3308 821 3376 (pro
839 3306 946 3374 iuncta)
967 3308 993 3360 Τ
1000 3309 1008 3338 1
1024 3308 1028 3378 Ι
1046 3307 1109 3361 sub·

87 3373 239 3427 nectimus
254 3375 479 3445 LQVTGEia
492 3379 501 3446 ll
516 3383 549 3430 23
570 3376 719 3446 alligamus
734 3377 908 3431 LSFGEu
921 3380 930 3447 ΙΙ
945 3384 979 3431 24
997 3379 1109 3448 pumica

101 3444 309 3513 murrae,
328 3445 432 3514 punica
450 3447 493 3518 Vl
510 3448 675 3516 equauimus
696 3448 793 3519 14126
818 3449 1037 3516 coaequabimus
1056 3450 1082 3502 L
1102 3448 1106 3520 Ι

91 3514 174 3565 tunsi
194 3515 296 3584 VM,
317 3517 466 3573 marmoris
485 3519 544 3574 tusi
563 3521 593 3576 E
