<?xml version="1.0" encoding="UTF-8"?>
<!DOCTYPE html PUBLIC "-//W3C//DTD XHTML 1.0 Transitional//EN"
    "http://www.w3.org/TR/xhtml1/DTD/xhtml1-transitional.dtd">
<html xmlns="http://www.w3.org/1999/xhtml" xml:lang="en" lang="en">
 <head>
  <title>
</title>
<meta http-equiv="Content-Type" content="text/html;charset=utf-8" />
  <meta name='ocr-system' content='tesseract 3.04.00' />
  <meta name='ocr-capabilities' content='ocr_page ocr_carea ocr_par ocr_line ocrx_word'/>
</head>
<body>
  <div class='ocr_page' id='page_1' title='image "./palladiirutilii00pallgoog_0034.png"; bbox 0 0 2378 3832; ppageno 0'>
   <div class='ocr_carea' id='block_1_1' title="bbox 455 157 1074 223">
    <p class='ocr_par' dir='ltr' id='par_1_1' title="bbox 455 157 1074 223">
     <span class='ocr_line' id='line_1_1' title="bbox 455 157 1074 223; baseline 0 -11"><span class='ocrx_word' id='word_1_1' title='bbox 455 157 572 213; x_wconf 80' lang='lat' dir='ltr'><strong>AGRIC.</strong></span> <span class='ocrx_word' id='word_1_2' title='bbox 587 160 600 212; x_wconf 95' lang='lat' dir='ltr'>I</span> <span class='ocrx_word' id='word_1_3' title='bbox 614 164 683 213; x_wconf 88' lang='lat'><strong>8—9</strong></span> <span class='ocrx_word' id='word_1_4' title='bbox 1032 159 1074 223; x_wconf 83' lang='lat'><strong>15</strong></span> 
     </span>
    </p>
   </div>
   <div class='ocr_carea' id='block_1_2' title="bbox 13 304 1121 2702">
    <p class='ocr_par' dir='ltr' id='par_1_2' title="bbox 13 304 1121 2702">
     <span class='ocr_line' id='line_1_2' title="bbox 62 304 1072 390; baseline -0.005 -19"><span class='ocrx_word' id='word_1_5' title='bbox 62 307 215 386; x_wconf 87' lang='lat' dir='ltr'><strong>stitutae,</strong></span> <span class='ocrx_word' id='word_1_6' title='bbox 232 309 271 369; x_wconf 91' lang='lat' dir='ltr'><strong>ut</strong></span> <span class='ocrx_word' id='word_1_7' title='bbox 288 305 393 390; x_wconf 77' lang='lat' dir='ltr'><strong>possit</strong></span> <span class='ocrx_word' id='word_1_8' title='bbox 412 327 467 370; x_wconf 87' lang='lat' dir='ltr'><strong>eas</strong></span> <span class='ocrx_word' id='word_1_9' title='bbox 485 304 613 369; x_wconf 85' lang='lat' dir='ltr'>hiberni</span> <span class='ocrx_word' id='word_1_10' title='bbox 633 304 711 368; x_wconf 90' lang='lat' dir='ltr'><strong>solis</strong></span> <span class='ocrx_word' id='word_1_11' title='bbox 731 308 821 369; x_wconf 88' lang='lat' dir='ltr'><strong>totus</strong></span> <span class='ocrx_word' id='word_1_12' title='bbox 840 305 1072 389; x_wconf 84' lang='lat' dir='ltr'><strong>propemodum</strong></span> 
     </span>
     <span class='ocr_line' id='line_1_3' title="bbox 61 393 1073 477; baseline -0.007 -15"><span class='ocrx_word' id='word_1_13' title='bbox 61 417 179 462; x_wconf 90' lang='lat' dir='ltr'><strong>cursus</strong></span> <span class='ocrx_word' id='word_1_14' title='bbox 199 394 353 461; x_wconf 85' lang='lat' dir='ltr'><strong>hilarare.</strong></span> <span class='ocrx_word' id='word_1_15' title='bbox 390 394 425 458; x_wconf 91' lang='lat' dir='ltr'><strong>in</strong></span> <span class='ocrx_word' id='word_1_16' title='bbox 446 394 498 472; x_wconf 88' lang='lat' dir='ltr'><strong>his</strong></span> <span class='ocrx_word' id='word_1_17' title='bbox 521 393 709 477; x_wconf 88' lang='lat' dir='ltr'><strong>pauimenta</strong></span> <span class='ocrx_word' id='word_1_18' title='bbox 731 394 914 477; x_wconf 88' lang='lat' dir='ltr'><strong>obportuna</strong></span> <span class='ocrx_word' id='word_1_19' title='bbox 934 415 1003 458; x_wconf 90' lang='lat' dir='ltr'><strong>esse</strong></span> <span class='ocrx_word' id='word_1_20' title='bbox 1023 393 1073 456; x_wconf 91' lang='lat' dir='ltr'><strong>de-</strong></span> 
     </span>
     <span class='ocr_line' id='line_1_4' title="bbox 61 482 1117 567; baseline -0.006 -17"><span class='ocrx_word' id='word_1_21' title='bbox 61 485 199 550; x_wconf 92' lang='lat' dir='ltr'><strong>bebunt.</strong></span> <span class='ocrx_word' id='word_1_22' title='bbox 240 483 382 567; x_wconf 91' lang='lat' dir='ltr'><strong>primum</strong></span> <span class='ocrx_word' id='word_1_23' title='bbox 408 483 443 546; x_wconf 91' lang='lat' dir='ltr'><strong>in</strong></span> <span class='ocrx_word' id='word_1_24' title='bbox 470 482 603 547; x_wconf 81' lang='lat' dir='ltr'><strong>fabricis</strong></span> <span class='ocrx_word' id='word_1_25' title='bbox 631 483 737 566; x_wconf 91' lang='lat' dir='ltr'><strong>planis</strong></span> <span class='ocrx_word' id='word_1_26' title='bbox 767 505 877 547; x_wconf 88' lang='lat' dir='ltr'><strong>earum</strong></span> <span class='ocrx_word' id='word_1_27' title='bbox 901 484 1073 548; x_wconf 88' lang='lat' dir='ltr'><strong>obseruan·</strong></span> <span class='ocrx_word' id='word_1_28' title='bbox 1097 491 1117 552; x_wconf 86' lang='lat'><strong>2</strong></span> 
     </span>
     <span class='ocr_line' id='line_1_5' title="bbox 59 571 1074 658; baseline -0.004 -19"><span class='ocrx_word' id='word_1_29' title='bbox 59 575 143 639; x_wconf 90' lang='lat' dir='ltr'><strong>dum</strong></span> <span class='ocrx_word' id='word_1_30' title='bbox 175 575 239 657; x_wconf 88' lang='lat' dir='ltr'><strong>est,</strong></span> <span class='ocrx_word' id='word_1_31' title='bbox 269 576 307 636; x_wconf 93' lang='lat' dir='ltr'><strong>ut</strong></span> <span class='ocrx_word' id='word_1_32' title='bbox 334 572 478 655; x_wconf 89' lang='lat' dir='ltr'><strong>aequalis</strong></span> <span class='ocrx_word' id='word_1_33' title='bbox 507 575 540 636; x_wconf 92' lang='lat' dir='ltr'><strong>et</strong></span> <span class='ocrx_word' id='word_1_34' title='bbox 568 571 671 636; x_wconf 90' lang='lat' dir='ltr'><strong>solida</strong></span> <span class='ocrx_word' id='word_1_35' title='bbox 698 571 900 658; x_wconf 72' lang='lat' dir='ltr'><strong>contignatio</strong></span> <span class='ocrx_word' id='word_1_36' title='bbox 929 573 1001 654; x_wconf 87' lang='lat' dir='ltr'><strong>fiat,</strong></span> <span class='ocrx_word' id='word_1_37' title='bbox 1033 592 1074 635; x_wconf 93' lang='lat' dir='ltr'><strong>ne</strong></span> 
     </span>
     <span class='ocr_line' id='line_1_6' title="bbox 31 660 1074 749; baseline -0.005 -20"><span class='ocrx_word' id='word_1_38' title='bbox 31 663 187 749; x_wconf 77' lang='lat' dir='ltr'><strong>sgradus</strong></span> <span class='ocrx_word' id='word_1_39' title='bbox 219 660 456 726; x_wconf 80' lang='lat' dir='ltr'><strong>ambulantium</strong></span> <span class='ocrx_word' id='word_1_40' title='bbox 488 664 610 725; x_wconf 90' lang='lat' dir='ltr'><strong>tremor</strong></span> <span class='ocrx_word' id='word_1_41' title='bbox 641 660 783 726; x_wconf 90' lang='lat' dir='ltr'><strong>fabricae</strong></span> <span class='ocrx_word' id='word_1_42' title='bbox 815 661 989 726; x_wconf 90' lang='lat' dir='ltr'><strong>titubantis</strong></span> <span class='ocrx_word' id='word_1_43' title='bbox 1023 683 1074 725; x_wconf 85' lang='lat' dir='ltr'><strong>ex·</strong></span> 
     </span>
     <span class='ocr_line' id='line_1_7' title="bbox 60 750 1073 832; baseline -0.004 -16"><span class='ocrx_word' id='word_1_44' title='bbox 60 751 178 816; x_wconf 88' lang='lat' dir='ltr'><strong>cutiat.</strong></span> <span class='ocrx_word' id='word_1_45' title='bbox 224 750 338 814; x_wconf 91' lang='lat' dir='ltr'><strong>deinde</strong></span> <span class='ocrx_word' id='word_1_46' title='bbox 369 754 407 814; x_wconf 93' lang='lat' dir='ltr'><strong>ut</strong></span> <span class='ocrx_word' id='word_1_47' title='bbox 439 771 514 814; x_wconf 88' lang='lat' dir='ltr'><strong>axes</strong></span> <span class='ocrx_word' id='word_1_48' title='bbox 547 771 687 832; x_wconf 89' lang='lat' dir='ltr'><strong>quernae</strong></span> <span class='ocrx_word' id='word_1_49' title='bbox 718 772 792 815; x_wconf 91' lang='lat' dir='ltr'><strong>cum</strong></span> <span class='ocrx_word' id='word_1_50' title='bbox 823 751 977 816; x_wconf 88' lang='lat' dir='ltr'><strong>aesculeis</strong></span> <span class='ocrx_word' id='word_1_51' title='bbox 1007 771 1073 814; x_wconf 90' lang='lat' dir='ltr'><strong>non</strong></span> 
     </span>
     <span class='ocr_line' id='line_1_8' title="bbox 61 841 1073 924; baseline -0.002 -20"><span class='ocrx_word' id='word_1_52' title='bbox 61 841 272 904; x_wconf 78' lang='lat' dir='ltr'><strong>misceantur.</strong></span> <span class='ocrx_word' id='word_1_53' title='bbox 317 860 393 902; x_wconf 90' lang='lat' dir='ltr'><strong>nam</strong></span> <span class='ocrx_word' id='word_1_54' title='bbox 426 859 561 922; x_wconf 88' lang='lat' dir='ltr'><strong>quercus</strong></span> <span class='ocrx_word' id='word_1_55' title='bbox 594 860 706 903; x_wconf 92' lang='lat' dir='ltr'><strong>umore</strong></span> <span class='ocrx_word' id='word_1_56' title='bbox 734 842 905 924; x_wconf 88' lang='lat' dir='ltr'><strong>concepto,</strong></span> <span class='ocrx_word' id='word_1_57' title='bbox 937 861 1010 902; x_wconf 90' lang='lat' dir='ltr'><strong>cum</strong></span> <span class='ocrx_word' id='word_1_58' title='bbox 1039 861 1073 903; x_wconf 87' lang='lat' dir='ltr'><strong>se</strong></span> 
     </span>
     <span class='ocr_line' id='line_1_9' title="bbox 61 926 1073 1012; baseline 0 -20"><span class='ocrx_word' id='word_1_59' title='bbox 61 927 210 1012; x_wconf 89' lang='lat' dir='ltr'><strong>coeperit</strong></span> <span class='ocrx_word' id='word_1_60' title='bbox 239 928 372 1010; x_wconf 89' lang='lat' dir='ltr'><strong>siccare,</strong></span> <span class='ocrx_word' id='word_1_61' title='bbox 403 927 609 1012; x_wconf 87' lang='lat' dir='ltr'><strong>torquebitur</strong></span> <span class='ocrx_word' id='word_1_62' title='bbox 637 930 669 990; x_wconf 92' lang='lat' dir='ltr'><strong>et</strong></span> <span class='ocrx_word' id='word_1_63' title='bbox 696 927 795 993; x_wconf 88' lang='lat' dir='ltr'><strong>rimas</strong></span> <span class='ocrx_word' id='word_1_64' title='bbox 823 926 857 991; x_wconf 89' lang='lat' dir='ltr'><strong>in</strong></span> <span class='ocrx_word' id='word_1_65' title='bbox 885 929 1073 1012; x_wconf 89' lang='lat' dir='ltr'><strong>pauimento</strong></span> 
     </span>
     <span class='ocr_line' id='line_1_10' title="bbox 60 1015 1119 1100; baseline -0.002 -18"><span class='ocrx_word' id='word_1_66' title='bbox 60 1016 178 1082; x_wconf 83' lang='lat' dir='ltr'><strong>faciet:</strong></span> <span class='ocrx_word' id='word_1_67' title='bbox 201 1016 348 1081; x_wconf 83' lang='lat' dir='ltr'><strong>aesculus</strong></span> <span class='ocrx_word' id='word_1_68' title='bbox 371 1019 479 1081; x_wconf 90' lang='lat' dir='ltr'><strong>autem</strong></span> <span class='ocrx_word' id='word_1_69' title='bbox 503 1015 570 1080; x_wconf 92' lang='lat' dir='ltr'><strong>sine</strong></span> <span class='ocrx_word' id='word_1_70' title='bbox 589 1015 671 1081; x_wconf 92' lang='lat' dir='ltr'><strong>uitio</strong></span> <span class='ocrx_word' id='word_1_71' title='bbox 691 1017 794 1080; x_wconf 90' lang='lat' dir='ltr'><strong>durat.</strong></span> <span class='ocrx_word' id='word_1_72' title='bbox 833 1017 888 1081; x_wconf 87' lang='lat' dir='ltr'><strong>sed</strong></span> <span class='ocrx_word' id='word_1_73' title='bbox 908 1018 935 1081; x_wconf 88' lang='lat' dir='ltr'><strong>si</strong></span> <span class='ocrx_word' id='word_1_74' title='bbox 954 1039 1074 1100; x_wconf 89' lang='lat' dir='ltr'><strong>quercu</strong></span> <span class='ocrx_word' id='word_1_75' title='bbox 1097 1025 1119 1088; x_wconf 82' lang='lat'><strong>3</strong></span> 
     </span>
     <span class='ocr_line' id='line_1_11' title="bbox 13 1104 1074 1190; baseline -0.006 -16"><span class='ocrx_word' id='word_1_76' title='bbox 13 1135 45 1174; x_wconf 86' lang='lat' dir='ltr'><strong>ro</strong></span> <span class='ocrx_word' id='word_1_77' title='bbox 63 1107 261 1190; x_wconf 88' lang='lat' dir='ltr'><strong>subpetente</strong></span> <span class='ocrx_word' id='word_1_78' title='bbox 289 1105 436 1170; x_wconf 86' lang='lat' dir='ltr'><strong>aesculus</strong></span> <span class='ocrx_word' id='word_1_79' title='bbox 465 1104 562 1189; x_wconf 85' lang='lat' dir='ltr'><strong>desit,</strong></span> <span class='ocrx_word' id='word_1_80' title='bbox 589 1105 754 1170; x_wconf 86' lang='lat' dir='ltr'><strong>subtiliter</strong></span> <span class='ocrx_word' id='word_1_81' title='bbox 782 1127 919 1189; x_wconf 88' lang='lat' dir='ltr'><strong>quercus</strong></span> <span class='ocrx_word' id='word_1_82' title='bbox 948 1111 1074 1170; x_wconf 91' lang='lat' dir='ltr'><strong>secetur</strong></span> 
     </span>
     <span class='ocr_line' id='line_1_12' title="bbox 64 1193 1073 1278; baseline -0.002 -18"><span class='ocrx_word' id='word_1_83' title='bbox 64 1199 101 1260; x_wconf 89' lang='lat' dir='ltr'><strong>et</strong></span> <span class='ocrx_word' id='word_1_84' title='bbox 133 1199 338 1259; x_wconf 88' lang='lat' dir='ltr'><strong>transuersus</strong></span> <span class='ocrx_word' id='word_1_85' title='bbox 371 1198 468 1278; x_wconf 91' lang='lat' dir='ltr'><strong>atque</strong></span> <span class='ocrx_word' id='word_1_86' title='bbox 500 1193 642 1258; x_wconf 90' lang='lat' dir='ltr'><strong>directus</strong></span> <span class='ocrx_word' id='word_1_87' title='bbox 675 1195 792 1278; x_wconf 86' lang='lat' dir='ltr'><strong>duplex</strong></span> <span class='ocrx_word' id='word_1_88' title='bbox 824 1198 964 1278; x_wconf 90' lang='lat' dir='ltr'><strong>ponatur</strong></span> <span class='ocrx_word' id='word_1_89' title='bbox 995 1194 1073 1258; x_wconf 90' lang='lat' dir='ltr'><strong>ordo</strong></span> 
     </span>
     <span class='ocr_line' id='line_1_13' title="bbox 65 1282 1073 1368; baseline 0 -21"><span class='ocrx_word' id='word_1_90' title='bbox 65 1283 254 1348; x_wconf 89' lang='lat' dir='ltr'><strong>tabularum</strong></span> <span class='ocrx_word' id='word_1_91' title='bbox 274 1282 374 1347; x_wconf 87' lang='lat' dir='ltr'><strong>clauis</strong></span> <span class='ocrx_word' id='word_1_92' title='bbox 393 1283 619 1366; x_wconf 84' lang='lat' dir='ltr'><strong>frequentibus</strong></span> <span class='ocrx_word' id='word_1_93' title='bbox 638 1283 730 1347; x_wconf 87' lang='lat' dir='ltr'><strong>fixus.</strong></span> <span class='ocrx_word' id='word_1_94' title='bbox 762 1284 800 1348; x_wconf 93' lang='lat' dir='ltr'><strong>de</strong></span> <span class='ocrx_word' id='word_1_95' title='bbox 820 1305 911 1347; x_wconf 88' lang='lat' dir='ltr'><strong>cerro</strong></span> <span class='ocrx_word' id='word_1_96' title='bbox 926 1287 983 1348; x_wconf 91' lang='lat' dir='ltr'><strong>aut</strong></span> <span class='ocrx_word' id='word_1_97' title='bbox 996 1282 1073 1368; x_wconf 80' lang='lat' dir='ltr'><strong>fago</strong></span> 
     </span>
     <span class='ocr_line' id='line_1_14' title="bbox 65 1370 1074 1456; baseline -0.002 -20"><span class='ocrx_word' id='word_1_98' title='bbox 65 1375 127 1436; x_wconf 89' lang='lat' dir='ltr'><strong>aut</strong></span> <span class='ocrx_word' id='word_1_99' title='bbox 143 1372 236 1436; x_wconf 89' lang='lat' dir='ltr'><strong>famo</strong></span> <span class='ocrx_word' id='word_1_100' title='bbox 255 1372 437 1437; x_wconf 88' lang='lat' dir='ltr'><strong>diutissime</strong></span> <span class='ocrx_word' id='word_1_101' title='bbox 454 1370 601 1435; x_wconf 87' lang='lat' dir='ltr'><strong>tabulata</strong></span> <span class='ocrx_word' id='word_1_102' title='bbox 615 1371 786 1456; x_wconf 85' lang='lat' dir='ltr'><strong>durabunt,</strong></span> <span class='ocrx_word' id='word_1_103' title='bbox 806 1372 833 1437; x_wconf 90' lang='lat' dir='ltr'><strong>si</strong></span> <span class='ocrx_word' id='word_1_104' title='bbox 849 1373 962 1437; x_wconf 88' lang='lat' dir='ltr'><strong>stratis</strong></span> <span class='ocrx_word' id='word_1_105' title='bbox 978 1393 1074 1455; x_wconf 91' lang='lat' dir='ltr'><strong>super</strong></span> 
     </span>
     <span class='ocr_line' id='line_1_15' title="bbox 63 1460 1074 1546; baseline -0.001 -22"><span class='ocrx_word' id='word_1_106' title='bbox 63 1461 169 1546; x_wconf 86' lang='lat' dir='ltr'><strong>paleis</strong></span> <span class='ocrx_word' id='word_1_107' title='bbox 192 1462 245 1524; x_wconf 94' lang='lat' dir='ltr'><strong>uel</strong></span> <span class='ocrx_word' id='word_1_108' title='bbox 267 1461 351 1525; x_wconf 89' lang='lat' dir='ltr'><strong>filice</strong></span> <span class='ocrx_word' id='word_1_109' title='bbox 374 1481 469 1524; x_wconf 92' lang='lat' dir='ltr'><strong>umor</strong></span> <span class='ocrx_word' id='word_1_110' title='bbox 492 1460 588 1524; x_wconf 88' lang='lat' dir='ltr'><strong>calcis</strong></span> <span class='ocrx_word' id='word_1_111' title='bbox 611 1482 771 1545; x_wconf 87' lang='lat' dir='ltr'><strong>nusquam</strong></span> <span class='ocrx_word' id='word_1_112' title='bbox 790 1461 830 1525; x_wconf 92' lang='lat' dir='ltr'><strong>ad</strong></span> <span class='ocrx_word' id='word_1_113' title='bbox 848 1460 987 1525; x_wconf 90' lang='lat' dir='ltr'><strong>tabulati</strong></span> <span class='ocrx_word' id='word_1_114' title='bbox 1007 1482 1074 1525; x_wconf 89' lang='lat' dir='ltr'><strong>cor-</strong></span> 
     </span>
     <span class='ocr_line' id='line_1_16' title="bbox 15 1548 1120 1636; baseline 0 -22"><span class='ocrx_word' id='word_1_115' title='bbox 15 1579 46 1618; x_wconf 88' lang='lat'><strong>15</strong></span> <span class='ocrx_word' id='word_1_116' title='bbox 63 1571 128 1635; x_wconf 91' lang='lat' dir='ltr'><strong>pus</strong></span> <span class='ocrx_word' id='word_1_117' title='bbox 162 1550 303 1616; x_wconf 87' lang='lat' dir='ltr'><strong>accedat.</strong></span> <span class='ocrx_word' id='word_1_118' title='bbox 347 1553 426 1613; x_wconf 89' lang='lat' dir='ltr'><strong>tunc</strong></span> <span class='ocrx_word' id='word_1_119' title='bbox 454 1548 782 1632; x_wconf 87' lang='lat' dir='ltr'><strong>superstatuminabis</strong></span> <span class='ocrx_word' id='word_1_120' title='bbox 809 1551 922 1636; x_wconf 88' lang='lat' dir='ltr'><strong>rudus,</strong></span> <span class='ocrx_word' id='word_1_121' title='bbox 953 1551 986 1614; x_wconf 90' lang='lat' dir='ltr'><strong>id</strong></span> <span class='ocrx_word' id='word_1_122' title='bbox 1015 1554 1120 1632; x_wconf 85' lang='lat' dir='ltr'><strong>est,4</strong></span> 
     </span>
     <span class='ocr_line' id='line_1_17' title="bbox 65 1638 1075 1724; baseline 0 -21"><span class='ocrx_word' id='word_1_123' title='bbox 65 1661 147 1703; x_wconf 81' lang='lat' dir='ltr'><strong>sara</strong></span> <span class='ocrx_word' id='word_1_124' title='bbox 178 1641 314 1702; x_wconf 91' lang='lat' dir='ltr'><strong>contusa</strong></span> <span class='ocrx_word' id='word_1_125' title='bbox 346 1638 470 1703; x_wconf 87' lang='lat' dir='ltr'><strong>duabus</strong></span> <span class='ocrx_word' id='word_1_126' title='bbox 497 1638 646 1721; x_wconf 89' lang='lat' dir='ltr'><strong>partibus</strong></span> <span class='ocrx_word' id='word_1_127' title='bbox 675 1643 708 1703; x_wconf 93' lang='lat' dir='ltr'><strong>et</strong></span> <span class='ocrx_word' id='word_1_128' title='bbox 736 1662 801 1704; x_wconf 90' lang='lat' dir='ltr'><strong>una</strong></span> <span class='ocrx_word' id='word_1_129' title='bbox 828 1640 925 1705; x_wconf 87' lang='lat' dir='ltr'><strong>caleis</strong></span> <span class='ocrx_word' id='word_1_130' title='bbox 953 1644 1075 1724; x_wconf 91' lang='lat' dir='ltr'><strong>tempe-</strong></span> 
     </span>
     <span class='ocr_line' id='line_1_18' title="bbox 64 1727 1074 1814; baseline 0 -23"><span class='ocrx_word' id='word_1_131' title='bbox 64 1731 160 1792; x_wconf 88' lang='lat' dir='ltr'><strong>rante</strong></span> <span class='ocrx_word' id='word_1_132' title='bbox 189 1727 376 1792; x_wconf 86' lang='lat' dir='ltr'><strong>constitues.</strong></span> <span class='ocrx_word' id='word_1_133' title='bbox 416 1727 479 1792; x_wconf 92' lang='lat' dir='ltr'><strong>hoc</strong></span> <span class='ocrx_word' id='word_1_134' title='bbox 507 1749 580 1791; x_wconf 90' lang='lat' dir='ltr'><strong>cum</strong></span> <span class='ocrx_word' id='word_1_135' title='bbox 607 1728 646 1791; x_wconf 90' lang='lat' dir='ltr'><strong>ad</strong></span> <span class='ocrx_word' id='word_1_136' title='bbox 676 1749 731 1792; x_wconf 86' lang='lat' dir='ltr'><strong>sex</strong></span> <span class='ocrx_word' id='word_1_137' title='bbox 759 1729 937 1814; x_wconf 82' lang='lat' dir='ltr'><strong>digitorum</strong></span> <span class='ocrx_word' id='word_1_138' title='bbox 961 1728 1074 1794; x_wconf 86' lang='lat' dir='ltr'><strong>crassi-</strong></span> 
     </span>
     <span class='ocr_line' id='line_1_19' title="bbox 63 1815 1075 1901; baseline 0 -21"><span class='ocrx_word' id='word_1_139' title='bbox 63 1815 213 1880; x_wconf 90' lang='lat' dir='ltr'><strong>tudinem</strong></span> <span class='ocrx_word' id='word_1_140' title='bbox 240 1815 354 1881; x_wconf 89' lang='lat' dir='ltr'><strong>feceris</strong></span> <span class='ocrx_word' id='word_1_141' title='bbox 382 1819 415 1880; x_wconf 94' lang='lat' dir='ltr'><strong>et</strong></span> <span class='ocrx_word' id='word_1_142' title='bbox 438 1816 552 1901; x_wconf 82' lang='lat' dir='ltr'><strong>regula</strong></span> <span class='ocrx_word' id='word_1_143' title='bbox 575 1816 752 1899; x_wconf 86' lang='lat' dir='ltr'><strong>exploraris</strong></span> <span class='ocrx_word' id='word_1_144' title='bbox 777 1818 924 1901; x_wconf 90' lang='lat' dir='ltr'><strong>aequale,</strong></span> <span class='ocrx_word' id='word_1_145' title='bbox 952 1819 980 1883; x_wconf 90' lang='lat' dir='ltr'><strong>si</strong></span> <span class='ocrx_word' id='word_1_146' title='bbox 1003 1817 1075 1881; x_wconf 89' lang='lat' dir='ltr'><strong>loca</strong></span> 
     </span>
     <span class='ocr_line' id='line_1_20' title="bbox 63 1903 1075 1990; baseline 0.001 -22"><span class='ocrx_word' id='word_1_147' title='bbox 63 1905 221 1969; x_wconf 88' lang='lat' dir='ltr'><strong>hiemalia</strong></span> <span class='ocrx_word' id='word_1_148' title='bbox 244 1911 333 1988; x_wconf 90' lang='lat' dir='ltr'><strong>sunt,</strong></span> <span class='ocrx_word' id='word_1_149' title='bbox 356 1905 421 1969; x_wconf 87' lang='lat' dir='ltr'><strong>tale</strong></span> <span class='ocrx_word' id='word_1_150' title='bbox 444 1903 668 1989; x_wconf 90' lang='lat' dir='ltr'><strong>pauimentum</strong></span> <span class='ocrx_word' id='word_1_151' title='bbox 692 1906 824 1971; x_wconf 91' lang='lat' dir='ltr'><strong>debebis</strong></span> <span class='ocrx_word' id='word_1_152' title='bbox 847 1907 1018 1990; x_wconf 88' lang='lat' dir='ltr'><strong>inponere,</strong></span> <span class='ocrx_word' id='word_1_153' title='bbox 1040 1905 1075 1969; x_wconf 93' lang='lat' dir='ltr'><strong>in</strong></span> 
     </span>
     <span class='ocr_line' id='line_1_21' title="bbox 17 1993 1074 2078; baseline -0.004 -17"><span class='ocrx_word' id='word_1_154' title='bbox 17 2024 49 2061; x_wconf 78' lang='lat' dir='ltr'><strong>eo</strong></span> <span class='ocrx_word' id='word_1_155' title='bbox 66 2016 133 2078; x_wconf 91' lang='lat' dir='ltr'><strong>quo</strong></span> <span class='ocrx_word' id='word_1_156' title='bbox 165 1993 217 2058; x_wconf 88' lang='lat' dir='ltr'><strong>uel</strong></span> <span class='ocrx_word' id='word_1_157' title='bbox 249 1994 343 2059; x_wconf 90' lang='lat' dir='ltr'><strong>nudis</strong></span> <span class='ocrx_word' id='word_1_158' title='bbox 375 1994 511 2077; x_wconf 89' lang='lat' dir='ltr'><strong>pedibus</strong></span> <span class='ocrx_word' id='word_1_159' title='bbox 545 1997 669 2059; x_wconf 89' lang='lat' dir='ltr'><strong>stantes</strong></span> <span class='ocrx_word' id='word_1_160' title='bbox 702 1995 845 2060; x_wconf 90' lang='lat' dir='ltr'><strong>ministri</strong></span> <span class='ocrx_word' id='word_1_161' title='bbox 873 1995 980 2059; x_wconf 89' lang='lat' dir='ltr'><strong>hieme</strong></span> <span class='ocrx_word' id='word_1_162' title='bbox 1008 2015 1074 2058; x_wconf 94' lang='lat' dir='ltr'><strong>non</strong></span> 
     </span>
     <span class='ocr_line' id='line_1_22' title="bbox 65 2082 1075 2168; baseline -0.002 -21"><span class='ocrx_word' id='word_1_163' title='bbox 65 2083 241 2168; x_wconf 79' lang='lat' dir='ltr'><strong>rigescant.</strong></span> <span class='ocrx_word' id='word_1_164' title='bbox 287 2082 419 2148; x_wconf 89' lang='lat' dir='ltr'><strong>inducto</strong></span> <span class='ocrx_word' id='word_1_165' title='bbox 452 2082 562 2166; x_wconf 87' lang='lat' dir='ltr'><strong>itaque</strong></span> <span class='ocrx_word' id='word_1_166' title='bbox 592 2084 706 2148; x_wconf 90' lang='lat' dir='ltr'><strong>rudere</strong></span> <span class='ocrx_word' id='word_1_167' title='bbox 734 2084 787 2148; x_wconf 93' lang='lat' dir='ltr'><strong>uel</strong></span> <span class='ocrx_word' id='word_1_168' title='bbox 814 2087 958 2148; x_wconf 87' lang='lat' dir='ltr'><strong>testaceo</strong></span> <span class='ocrx_word' id='word_1_169' title='bbox 986 2083 1075 2166; x_wconf 91' lang='lat' dir='ltr'><strong>paui·</strong></span> 
     </span>
     <span class='ocr_line' id='line_1_23' title="bbox 66 2172 1074 2258; baseline -0.003 -22"><span class='ocrx_word' id='word_1_170' title='bbox 66 2175 178 2236; x_wconf 93' lang='lat' dir='ltr'><strong>mento</strong></span> <span class='ocrx_word' id='word_1_171' title='bbox 218 2176 391 2258; x_wconf 83' lang='lat' dir='ltr'><strong>congestos</strong></span> <span class='ocrx_word' id='word_1_172' title='bbox 429 2174 462 2236; x_wconf 95' lang='lat' dir='ltr'><strong>et</strong></span> <span class='ocrx_word' id='word_1_173' title='bbox 499 2172 640 2237; x_wconf 84' lang='lat' dir='ltr'><strong>calcatos</strong></span> <span class='ocrx_word' id='word_1_174' title='bbox 673 2172 776 2255; x_wconf 87' lang='lat' dir='ltr'><strong>spisse</strong></span> <span class='ocrx_word' id='word_1_175' title='bbox 809 2173 965 2237; x_wconf 89' lang='lat' dir='ltr'><strong>carbones</strong></span> <span class='ocrx_word' id='word_1_176' title='bbox 1001 2192 1074 2236; x_wconf 88' lang='lat' dir='ltr'><strong>eum</strong></span> 
     </span>
     <span class='ocr_line' id='line_1_24' title="bbox 66 2260 1075 2344; baseline -0.002 -19"><span class='ocrx_word' id='word_1_177' title='bbox 66 2260 225 2325; x_wconf 85' lang='lat' dir='ltr'><strong>sabulone</strong></span> <span class='ocrx_word' id='word_1_178' title='bbox 252 2265 286 2325; x_wconf 93' lang='lat' dir='ltr'><strong>et</strong></span> <span class='ocrx_word' id='word_1_179' title='bbox 313 2260 426 2325; x_wconf 88' lang='lat' dir='ltr'><strong>fauilla</strong></span> <span class='ocrx_word' id='word_1_180' title='bbox 454 2264 487 2325; x_wconf 89' lang='lat' dir='ltr'><strong>et</strong></span> <span class='ocrx_word' id='word_1_181' title='bbox 510 2261 597 2325; x_wconf 88' lang='lat' dir='ltr'><strong>calce</strong></span> <span class='ocrx_word' id='word_1_182' title='bbox 619 2260 829 2344; x_wconf 87' lang='lat' dir='ltr'><strong>permiscebis</strong></span> <span class='ocrx_word' id='word_1_183' title='bbox 854 2266 887 2324; x_wconf 93' lang='lat' dir='ltr'><strong>et</strong></span> <span class='ocrx_word' id='word_1_184' title='bbox 909 2260 1005 2325; x_wconf 90' lang='lat' dir='ltr'><strong>huius</strong></span> <span class='ocrx_word' id='word_1_185' title='bbox 1029 2261 1075 2323; x_wconf 93' lang='lat' dir='ltr'><strong>in·</strong></span> 
     </span>
     <span class='ocr_line' id='line_1_25' title="bbox 66 2348 1074 2434; baseline 0.001 -21"><span class='ocrx_word' id='word_1_186' title='bbox 66 2371 186 2433; x_wconf 89' lang='lat' dir='ltr'><strong>pensae</strong></span> <span class='ocrx_word' id='word_1_187' title='bbox 209 2348 458 2414; x_wconf 87' lang='lat' dir='ltr'><strong>crassitudinem</strong></span> <span class='ocrx_word' id='word_1_188' title='bbox 482 2371 537 2414; x_wconf 84' lang='lat' dir='ltr'><strong>sex</strong></span> <span class='ocrx_word' id='word_1_189' title='bbox 559 2348 664 2414; x_wconf 86' lang='lat' dir='ltr'><strong>unciis</strong></span> <span class='ocrx_word' id='word_1_190' title='bbox 687 2349 813 2414; x_wconf 91' lang='lat' dir='ltr'><strong>iubebis</strong></span> <span class='ocrx_word' id='word_1_191' title='bbox 836 2348 962 2434; x_wconf 93' lang='lat' dir='ltr'><strong>inponi:</strong></span> <span class='ocrx_word' id='word_1_192' title='bbox 989 2350 1074 2434; x_wconf 90' lang='lat' dir='ltr'><strong>quod</strong></span> 
     </span>
     <span class='ocr_line' id='line_1_26' title="bbox 21 2437 1074 2523; baseline -0.003 -17"><span class='ocrx_word' id='word_1_193' title='bbox 21 2466 51 2506; x_wconf 82' lang='lat'><strong>25</strong></span> <span class='ocrx_word' id='word_1_194' title='bbox 67 2442 280 2521; x_wconf 86' lang='lat' dir='ltr'><strong>exaequatum</strong></span> <span class='ocrx_word' id='word_1_195' title='bbox 304 2440 400 2523; x_wconf 82' lang='lat' dir='ltr'><strong>nigra</strong></span> <span class='ocrx_word' id='word_1_196' title='bbox 422 2437 610 2521; x_wconf 90' lang='lat' dir='ltr'><strong>pauimenta</strong></span> <span class='ocrx_word' id='word_1_197' title='bbox 633 2437 788 2503; x_wconf 86' lang='lat' dir='ltr'><strong>formabit</strong></span> <span class='ocrx_word' id='word_1_198' title='bbox 810 2442 852 2521; x_wconf 93' lang='lat' dir='ltr'><strong>et,</strong></span> <span class='ocrx_word' id='word_1_199' title='bbox 875 2439 903 2503; x_wconf 93' lang='lat' dir='ltr'><strong>si</strong></span> <span class='ocrx_word' id='word_1_200' title='bbox 923 2461 987 2523; x_wconf 89' lang='lat' dir='ltr'><strong>qua</strong></span> <span class='ocrx_word' id='word_1_201' title='bbox 1005 2439 1074 2503; x_wconf 93' lang='lat' dir='ltr'><strong>fun·</strong></span> 
     </span>
     <span class='ocr_line' id='line_1_27' title="bbox 67 2525 1121 2614; baseline 0.003 -24"><span class='ocrx_word' id='word_1_202' title='bbox 67 2528 185 2591; x_wconf 91' lang='lat' dir='ltr'><strong>dentur</strong></span> <span class='ocrx_word' id='word_1_203' title='bbox 216 2548 255 2591; x_wconf 87' lang='lat' dir='ltr'><strong>ex</strong></span> <span class='ocrx_word' id='word_1_204' title='bbox 286 2527 425 2612; x_wconf 86' lang='lat' dir='ltr'><strong>poculis,</strong></span> <span class='ocrx_word' id='word_1_205' title='bbox 457 2525 614 2592; x_wconf 90' lang='lat' dir='ltr'><strong>uelociter</strong></span> <span class='ocrx_word' id='word_1_206' title='bbox 645 2530 741 2611; x_wconf 86' lang='lat' dir='ltr'><strong>rapta</strong></span> <span class='ocrx_word' id='word_1_207' title='bbox 772 2528 916 2614; x_wconf 84' lang='lat' dir='ltr'><strong>desuget.</strong></span> <span class='ocrx_word' id='word_1_208' title='bbox 962 2529 1017 2595; x_wconf 91' lang='lat' dir='ltr'><strong>sed</strong></span> <span class='ocrx_word' id='word_1_209' title='bbox 1046 2529 1121 2593; x_wconf 80' lang='lat' dir='ltr'><strong>sib</strong></span> 
     </span>
     <span class='ocr_line' id='line_1_28' title="bbox 67 2615 1074 2702; baseline 0.002 -23"><span class='ocrx_word' id='word_1_210' title='bbox 67 2615 212 2680; x_wconf 83' lang='lat' dir='ltr'><strong>aestiuas</strong></span> <span class='ocrx_word' id='word_1_211' title='bbox 235 2617 419 2682; x_wconf 88' lang='lat' dir='ltr'><strong>mansiones</strong></span> <span class='ocrx_word' id='word_1_212' title='bbox 439 2620 523 2701; x_wconf 88' lang='lat' dir='ltr'><strong>sunt,</strong></span> <span class='ocrx_word' id='word_1_213' title='bbox 548 2616 706 2681; x_wconf 91' lang='lat' dir='ltr'><strong>orientem</strong></span> <span class='ocrx_word' id='word_1_214' title='bbox 725 2617 934 2682; x_wconf 87' lang='lat' dir='ltr'><strong>solstitialem</strong></span> <span class='ocrx_word' id='word_1_215' title='bbox 953 2622 985 2682; x_wconf 90' lang='lat' dir='ltr'><strong>et</strong></span> <span class='ocrx_word' id='word_1_216' title='bbox 1004 2640 1074 2702; x_wconf 89' lang='lat' dir='ltr'><strong>par-</strong></span> 
     </span>
    </p>
   </div>
   <div class='ocr_carea' id='block_1_3' title="bbox 67 2808 1079 3573">
    <p class='ocr_par' dir='ltr' id='par_1_3' title="bbox 67 2808 1079 3573">
     <span class='ocr_line' id='line_1_29' title="bbox 139 2808 1076 2882; baseline 0.002 -21"><span class='ocrx_word' id='word_1_217' title='bbox 139 2810 203 2862; x_wconf 78' lang='lat' dir='ltr'><strong>2et</strong></span> <span class='ocrx_word' id='word_1_218' title='bbox 221 2808 251 2861; x_wconf 93' lang='lat' dir='ltr'><strong>in</strong></span> <span class='ocrx_word' id='word_1_219' title='bbox 268 2809 313 2862; x_wconf 92' lang='lat' dir='ltr'><strong>his</strong></span> <span class='ocrx_word' id='word_1_220' title='bbox 331 2809 358 2862; x_wconf 86' lang='lat' dir='ltr'><strong><em>L</em></strong></span> <span class='ocrx_word' id='word_1_221' title='bbox 385 2812 394 2879; x_wconf 95' lang='grc'><strong>11</strong></span> <span class='ocrx_word' id='word_1_222' title='bbox 422 2815 438 2863; x_wconf 83' lang='grc' dir='ltr'>ὁ</span> <span class='ocrx_word' id='word_1_223' title='bbox 458 2810 651 2864; x_wconf 89' lang='lat' dir='ltr'><strong>ambulantum</strong></span> <span class='ocrx_word' id='word_1_224' title='bbox 670 2810 771 2882; x_wconf 62' lang='lat' dir='ltr'><strong>Vsa!</strong></span> <span class='ocrx_word' id='word_1_225' title='bbox 792 2812 940 2864; x_wconf 87' lang='lat' dir='ltr'><strong>tremorem</strong></span> <span class='ocrx_word' id='word_1_226' title='bbox 961 2810 1049 2879; x_wconf 77' lang='lat' dir='ltr'><strong>Gaps</strong></span> <span class='ocrx_word' id='word_1_227' title='bbox 1067 2809 1076 2880; x_wconf 95' lang='grc'><strong>11</strong></span> 
     </span>
     <span class='ocr_line' id='line_1_30' title="bbox 68 2880 1076 2951; baseline -0.001 -19"><span class='ocrx_word' id='word_1_228' title='bbox 68 2885 84 2932; x_wconf 89' lang='grc'><strong>6</strong></span> <span class='ocrx_word' id='word_1_229' title='bbox 104 2895 210 2933; x_wconf 86' lang='lat' dir='ltr'><strong>asseres</strong></span> <span class='ocrx_word' id='word_1_230' title='bbox 228 2882 291 2950; x_wconf 77' lang='grc'>1117</span> <span class='ocrx_word' id='word_1_231' title='bbox 311 2880 463 2934; x_wconf 87' lang='lat' dir='ltr'><strong>misceatur</strong></span> <span class='ocrx_word' id='word_1_232' title='bbox 476 2882 536 2950; x_wconf 61' lang='grc'>1311</span> <span class='ocrx_word' id='word_1_233' title='bbox 553 2897 615 2934; x_wconf 93' lang='lat' dir='ltr'><strong>cum</strong></span> <span class='ocrx_word' id='word_1_234' title='bbox 635 2880 759 2951; x_wconf 89' lang='lat' dir='ltr'><strong>coeperit</strong></span> <span class='ocrx_word' id='word_1_235' title='bbox 776 2880 876 2935; x_wconf 90' lang='lat' dir='ltr'><strong>siccari</strong></span> <span class='ocrx_word' id='word_1_236' title='bbox 895 2899 948 2951; x_wconf 76' lang='lat' dir='ltr'><strong>eps</strong></span> <span class='ocrx_word' id='word_1_237' title='bbox 960 2883 999 2948; x_wconf 87' lang='grc'><strong>118</strong></span> <span class='ocrx_word' id='word_1_238' title='bbox 1019 2883 1076 2933; x_wconf 93' lang='lat' dir='ltr'><strong>tor-</strong></span> 
     </span>
     <span class='ocr_line' id='line_1_31' title="bbox 67 2950 1075 3075; baseline 0 -72"><span class='ocrx_word' id='word_1_239' title='bbox 67 2954 169 3019; x_wconf 92' lang='lat' dir='ltr'><strong>quetur</strong></span> <span class='ocrx_word' id='word_1_240' title='bbox 187 2953 289 3006; x_wconf 75' lang='lat' dir='ltr'><strong>codices</strong></span> <span class='ocrx_word' id='word_1_241' title='bbox 306 2954 428 3021; x_wconf 79' lang='lat' dir='ltr'><strong>(praeter</strong></span> <span class='ocrx_word' id='word_1_242' title='bbox 447 2952 483 3075; x_wconf 65' lang='grc'>61</span> <span class='ocrx_word' id='word_1_243' title='bbox 503 2953 557 3006; x_wconf 78' lang='lat' dir='ltr'><strong>eti</strong></span> <span class='ocrx_word' id='word_1_244' title='bbox 579 2956 589 3019; x_wconf 91' lang='grc'><strong>1</strong></span> <span class='ocrx_word' id='word_1_245' title='bbox 613 2958 646 3005; x_wconf 89' lang='grc'><strong>10</strong></span> <span class='ocrx_word' id='word_1_246' title='bbox 661 2952 770 3006; x_wconf 89' lang='lat' dir='ltr'><strong>esculus</strong></span> <span class='ocrx_word' id='word_1_247' title='bbox 789 2955 853 3021; x_wconf 80' lang='lat' dir='ltr'><strong>(pro</strong></span> <span class='ocrx_word' id='word_1_248' title='bbox 872 2954 1000 3020; x_wconf 83' lang='lat' dir='ltr'><strong>quercus)</strong></span> <span class='ocrx_word' id='word_1_249' title='bbox 1020 2952 1050 3003; x_wconf 99' lang='grc' dir='ltr'><em>Ε</em></span> <span class='ocrx_word' id='word_1_250' title='bbox 1070 2950 1075 3049; x_wconf 96' lang='grc'><strong>1</strong></span> 
     </span>
     <span class='ocr_line' id='line_1_32' title="bbox 68 3022 1075 3092; baseline 0 -18"><span class='ocrx_word' id='word_1_251' title='bbox 68 3022 188 3076; x_wconf 89' lang='lat' dir='ltr'><strong>siccetur</strong></span> <span class='ocrx_word' id='word_1_252' title='bbox 208 3023 307 3077; x_wconf 80' lang='lat' dir='ltr'><strong>GEa&#39;a</strong></span> <span class='ocrx_word' id='word_1_253' title='bbox 328 3026 337 3092; x_wconf 95' lang='grc'><strong>11</strong></span> <span class='ocrx_word' id='word_1_254' title='bbox 362 3028 394 3076; x_wconf 90' lang='grc'><strong>11</strong></span> <span class='ocrx_word' id='word_1_255' title='bbox 415 3023 499 3092; x_wconf 92' lang='lat' dir='ltr'><strong>dupe</strong></span> <span class='ocrx_word' id='word_1_256' title='bbox 518 3024 548 3075; x_wconf 84' lang='lat' dir='ltr'><em>E</em></span> <span class='ocrx_word' id='word_1_257' title='bbox 560 3025 569 3092; x_wconf 97' lang='grc'><strong>11</strong></span> <span class='ocrx_word' id='word_1_258' title='bbox 588 3028 621 3075; x_wconf 78' lang='lat'><strong>12</strong></span> <span class='ocrx_word' id='word_1_259' title='bbox 641 3024 676 3077; x_wconf 91' lang='lat' dir='ltr'><strong>de</strong></span> <span class='ocrx_word' id='word_1_260' title='bbox 695 3039 790 3076; x_wconf 89' lang='lat' dir='ltr'><strong>ceraso</strong></span> <span class='ocrx_word' id='word_1_261' title='bbox 810 3024 840 3090; x_wconf 97' lang='lat' dir='ltr'><strong>V,</strong></span> <span class='ocrx_word' id='word_1_262' title='bbox 864 3024 898 3076; x_wconf 93' lang='lat' dir='ltr'><strong>de</strong></span> <span class='ocrx_word' id='word_1_263' title='bbox 918 3039 1018 3075; x_wconf 89' lang='lat' dir='ltr'><strong>acerno</strong></span> <span class='ocrx_word' id='word_1_264' title='bbox 1036 3023 1048 3074; x_wconf 65' lang='lat' dir='ltr'><strong>a*</strong></span> <span class='ocrx_word' id='word_1_265' title='bbox 1066 3022 1075 3092; x_wconf 73' lang='lat' dir='ltr'><strong>l,</strong></span> 
     </span>
     <span class='ocr_line' id='line_1_33' title="bbox 68 3093 1076 3164; baseline -0.001 -18"><span class='ocrx_word' id='word_1_266' title='bbox 68 3100 100 3146; x_wconf 89' lang='grc'>13</span> <span class='ocrx_word' id='word_1_267' title='bbox 120 3096 171 3146; x_wconf 90' lang='lat' dir='ltr'><strong>aut</strong></span> <span class='ocrx_word' id='word_1_268' title='bbox 188 3093 297 3149; x_wconf 84' lang='lat' dir='ltr'><strong>fraxino</strong></span> <span class='ocrx_word' id='word_1_269' title='bbox 316 3097 398 3164; x_wconf 79' lang='grc'>11114</span> <span class='ocrx_word' id='word_1_270' title='bbox 416 3111 554 3163; x_wconf 88' lang='lat' dir='ltr'><strong>nusquam</strong></span> <span class='ocrx_word' id='word_1_271' title='bbox 568 3111 618 3147; x_wconf 88' lang='lat' dir='ltr'><strong>om.</strong></span> <span class='ocrx_word' id='word_1_272' title='bbox 632 3095 664 3147; x_wconf 88' lang='lat' dir='ltr'><em>E</em></span> <span class='ocrx_word' id='word_1_273' title='bbox 675 3096 684 3163; x_wconf 95' lang='grc'><strong>11</strong></span> <span class='ocrx_word' id='word_1_274' title='bbox 700 3101 732 3148; x_wconf 82' lang='lat'><strong>15</strong></span> <span class='ocrx_word' id='word_1_275' title='bbox 748 3094 857 3147; x_wconf 89' lang='lat' dir='ltr'><strong>accedit</strong></span> <span class='ocrx_word' id='word_1_276' title='bbox 875 3093 948 3148; x_wconf 83' lang='lat' dir='ltr'><strong>V¹G</strong></span> <span class='ocrx_word' id='word_1_277' title='bbox 964 3094 968 3163; x_wconf 97' lang='grc'><strong>1</strong></span> <span class='ocrx_word' id='word_1_278' title='bbox 984 3094 1076 3146; x_wconf 91' lang='lat' dir='ltr'><strong>totum</strong></span> 
     </span>
     <span class='ocr_line' id='line_1_34' title="bbox 67 3163 1077 3235; baseline -0.002 -17"><span class='ocrx_word' id='word_1_279' title='bbox 67 3167 131 3232; x_wconf 80' lang='lat' dir='ltr'><strong>(pro</strong></span> <span class='ocrx_word' id='word_1_280' title='bbox 151 3167 228 3233; x_wconf 84' lang='lat' dir='ltr'><strong>tunc)</strong></span> <span class='ocrx_word' id='word_1_281' title='bbox 247 3167 295 3235; x_wconf 87' lang='grc' dir='ltr'><strong>ΕΙ</strong></span> <span class='ocrx_word' id='word_1_282' title='bbox 312 3183 395 3234; x_wconf 90' lang='lat' dir='ltr'><strong>super</strong></span> <span class='ocrx_word' id='word_1_283' title='bbox 414 3164 611 3219; x_wconf 89' lang='lat' dir='ltr'><strong>statuminabis</strong></span> <span class='ocrx_word' id='word_1_284' title='bbox 630 3184 643 3220; x_wconf 85' lang='lat' dir='ltr'><strong>s</strong></span> <span class='ocrx_word' id='word_1_285' title='bbox 659 3170 662 3235; x_wconf 96' lang='grc'><strong>1</strong></span> <span class='ocrx_word' id='word_1_286' title='bbox 679 3167 762 3219; x_wconf 89' lang='lat' dir='ltr'><strong>rudes</strong></span> <span class='ocrx_word' id='word_1_287' title='bbox 782 3167 812 3232; x_wconf 94' lang='lat' dir='ltr'><strong>V,</strong></span> <span class='ocrx_word' id='word_1_288' title='bbox 834 3165 917 3217; x_wconf 89' lang='lat' dir='ltr'><strong>ruder</strong></span> <span class='ocrx_word' id='word_1_289' title='bbox 935 3166 983 3234; x_wconf 94' lang='grc' dir='ltr'>Ε1</span> <span class='ocrx_word' id='word_1_290' title='bbox 1001 3163 1077 3217; x_wconf 92' lang='lat' dir='ltr'><strong>idem</strong></span> 
     </span>
     <span class='ocr_line' id='line_1_35' title="bbox 68 3235 1075 3305; baseline 0.001 -17"><span class='ocrx_word' id='word_1_291' title='bbox 68 3239 109 3289; x_wconf 91' lang='lat' dir='ltr'><strong>est</strong></span> <span class='ocrx_word' id='word_1_292' title='bbox 128 3236 159 3288; x_wconf 85' lang='lat' dir='ltr'><em>E</em></span> <span class='ocrx_word' id='word_1_293' title='bbox 170 3238 179 3305; x_wconf 96' lang='grc'><strong>11</strong></span> <span class='ocrx_word' id='word_1_294' title='bbox 200 3242 232 3290; x_wconf 84' lang='grc'>16</span> <span class='ocrx_word' id='word_1_295' title='bbox 252 3236 312 3289; x_wconf 85' lang='lat' dir='ltr'><strong>saxi</strong></span> <span class='ocrx_word' id='word_1_296' title='bbox 331 3237 441 3290; x_wconf 90' lang='lat' dir='ltr'><strong>contusi</strong></span> <span class='ocrx_word' id='word_1_297' title='bbox 460 3237 529 3290; x_wconf 90' lang='lat' dir='ltr'><strong>duas</strong></span> <span class='ocrx_word' id='word_1_298' title='bbox 547 3239 642 3305; x_wconf 90' lang='lat' dir='ltr'><strong>partes</strong></span> <span class='ocrx_word' id='word_1_299' title='bbox 661 3239 689 3291; x_wconf 91' lang='lat' dir='ltr'><strong>et</strong></span> <span class='ocrx_word' id='word_1_300' title='bbox 709 3255 772 3291; x_wconf 87' lang='lat' dir='ltr'><strong>curn</strong></span> <span class='ocrx_word' id='word_1_301' title='bbox 790 3253 848 3289; x_wconf 90' lang='lat' dir='ltr'><strong>una</strong></span> <span class='ocrx_word' id='word_1_302' title='bbox 866 3235 950 3289; x_wconf 90' lang='lat' dir='ltr'><strong>calcis</strong></span> <span class='ocrx_word' id='word_1_303' title='bbox 970 3238 1075 3305; x_wconf 91' lang='lat' dir='ltr'><strong>tempe-</strong></span> 
     </span>
     <span class='ocr_line' id='line_1_36' title="bbox 67 3307 1076 3378; baseline 0.003 -20"><span class='ocrx_word' id='word_1_304' title='bbox 67 3310 146 3360; x_wconf 88' lang='lat' dir='ltr'><strong>ratae</strong></span> <span class='ocrx_word' id='word_1_305' title='bbox 162 3310 250 3375; x_wconf 81' lang='grc'>111118</span> <span class='ocrx_word' id='word_1_306' title='bbox 271 3307 459 3377; x_wconf 85' lang='lat' dir='ltr'><strong>exploraueris</strong></span> <span class='ocrx_word' id='word_1_307' title='bbox 478 3325 554 3378; x_wconf 79' lang='lat' dir='ltr'><strong>ceps</strong></span> <span class='ocrx_word' id='word_1_308' title='bbox 570 3310 574 3375; x_wconf 96' lang='grc'><strong>1</strong></span> <span class='ocrx_word' id='word_1_309' title='bbox 591 3308 704 3375; x_wconf 87' lang='lat' dir='ltr'><strong>aequali</strong></span> <span class='ocrx_word' id='word_1_310' title='bbox 719 3310 750 3377; x_wconf 86' lang='lat' dir='ltr'><strong>V,</strong></span> <span class='ocrx_word' id='word_1_311' title='bbox 770 3307 883 3376; x_wconf 89' lang='lat' dir='ltr'><strong>equales</strong></span> <span class='ocrx_word' id='word_1_312' title='bbox 899 3308 928 3360; x_wconf 86' lang='grc' dir='ltr'><em>Ε</em></span> <span class='ocrx_word' id='word_1_313' title='bbox 940 3311 949 3373; x_wconf 91' lang='grc'><strong>11</strong></span> <span class='ocrx_word' id='word_1_314' title='bbox 965 3313 997 3360; x_wconf 84' lang='grc'>19</span> <span class='ocrx_word' id='word_1_315' title='bbox 1017 3308 1076 3361; x_wconf 86' lang='lat' dir='ltr'><strong>hia-</strong></span> 
     </span>
     <span class='ocr_line' id='line_1_37' title="bbox 68 3377 1076 3451; baseline 0.002 -21"><span class='ocrx_word' id='word_1_316' title='bbox 68 3377 134 3431; x_wconf 90' lang='lat' dir='ltr'><strong>mali</strong></span> <span class='ocrx_word' id='word_1_317' title='bbox 145 3378 172 3431; x_wconf 88' lang='lat' dir='ltr'><strong><em>L</em></strong></span> <span class='ocrx_word' id='word_1_318' title='bbox 188 3380 192 3447; x_wconf 96' lang='grc'><strong>1</strong></span> <span class='ocrx_word' id='word_1_319' title='bbox 210 3378 289 3432; x_wconf 92' lang='lat' dir='ltr'><strong>debis</strong></span> <span class='ocrx_word' id='word_1_320' title='bbox 302 3381 325 3450; x_wconf 77' lang='grc'><strong>11</strong></span> <span class='ocrx_word' id='word_1_321' title='bbox 338 3382 347 3448; x_wconf 94' lang='grc'><strong>11</strong></span> <span class='ocrx_word' id='word_1_322' title='bbox 361 3386 394 3432; x_wconf 78' lang='lat'><strong>23</strong></span> <span class='ocrx_word' id='word_1_323' title='bbox 410 3379 508 3433; x_wconf 89' lang='lat' dir='ltr'><strong>sabulo</strong></span> <span class='ocrx_word' id='word_1_324' title='bbox 523 3380 553 3431; x_wconf 91' lang='grc' dir='ltr'><em>Ε</em></span> <span class='ocrx_word' id='word_1_325' title='bbox 567 3380 571 3449; x_wconf 93' lang='grc'><strong>1</strong></span> <span class='ocrx_word' id='word_1_326' title='bbox 586 3379 1049 3450; x_wconf 68' lang='lat' dir='ltr'><strong>permiscesLQVSTFGEc&#39;ae</strong></span> <span class='ocrx_word' id='word_1_327' title='bbox 1067 3381 1076 3451; x_wconf 96' lang='grc'><strong>11</strong></span> 
     </span>
     <span class='ocr_line' id='line_1_38' title="bbox 69 3449 1079 3572; baseline -0.001 -70"><span class='ocrx_word' id='word_1_328' title='bbox 69 3455 101 3571; x_wconf 69' lang='grc'>16</span> <span class='ocrx_word' id='word_1_329' title='bbox 120 3452 222 3572; x_wconf 72' lang='lat' dir='ltr'><strong>rapteE</strong></span> <span class='ocrx_word' id='word_1_330' title='bbox 221 3451 251 3503; x_wconf 90' lang='grc' dir='ltr'><em>Ε</em></span> <span class='ocrx_word' id='word_1_331' title='bbox 270 3451 274 3522; x_wconf 95' lang='grc'><strong>1</strong></span> <span class='ocrx_word' id='word_1_332' title='bbox 295 3451 427 3519; x_wconf 81' lang='lat' dir='ltr'><strong>desurgat</strong></span> <span class='ocrx_word' id='word_1_333' title='bbox 447 3452 482 3520; x_wconf 76' lang='lat' dir='ltr'><strong>Q,</strong></span> <span class='ocrx_word' id='word_1_334' title='bbox 502 3449 617 3520; x_wconf 85' lang='lat' dir='ltr'><strong>defugct</strong></span> <span class='ocrx_word' id='word_1_335' title='bbox 636 3451 672 3519; x_wconf 83' lang='lat' dir='ltr'><strong>F,</strong></span> <span class='ocrx_word' id='word_1_336' title='bbox 692 3451 830 3522; x_wconf 81' lang='lat' dir='ltr'><strong>desugent</strong></span> <span class='ocrx_word' id='word_1_337' title='bbox 847 3452 900 3505; x_wconf 76' lang='lat' dir='ltr'><strong>luc</strong></span> <span class='ocrx_word' id='word_1_338' title='bbox 923 3452 988 3523; x_wconf 77' lang='grc'>1111</span> <span class='ocrx_word' id='word_1_339' title='bbox 1012 3467 1079 3517; x_wconf 66' lang='lat' dir='ltr'><strong>qar-</strong></span> 
     </span>
     <span class='ocr_line' id='line_1_39' title="bbox 81 3536 159 3573; baseline 0 0"><span class='ocrx_word' id='word_1_340' title='bbox 81 3536 124 3573; x_wconf 90' lang='lat' dir='ltr'><strong>em</strong></span> <span class='ocrx_word' id='word_1_341' title='bbox 145 3536 159 3573; x_wconf 93' lang='lat' dir='ltr'><strong>e</strong></span> 
     </span>
    </p>
   </div>
   <div class='ocr_carea' id='block_1_4' title="bbox 0 0 1194 3832">
    <p class='ocr_par' dir='ltr' id='par_1_4' title="bbox 0 0 1194 3832">
     <span class='ocr_line' id='line_1_40' title="bbox 0 0 1194 3832; baseline 0 0"><span class='ocrx_word' id='word_1_342' title='bbox 0 0 1194 3832; x_wconf 95' lang='lat' dir='ltr'><strong> </strong></span> 
     </span>
    </p>
   </div>
  </div>
 </body>
</html>
