2378 3832
453 175 718 230 remoror-4
1009 156 1090 240 '235

74 322 162 390 locis
191 322 320 410 frigidis
347 323 492 388 nouellas
520 322 604 388 uites
633 326 665 386 et
693 324 846 387 arborum
872 323 1002 406 plantas
1031 323 1091 387 cir-

76 412 264 479 cumfodere
287 415 384 495 atque
403 412 529 497 operire
548 412 720 476 conueniet
740 416 773 476 et
792 415 866 476 ante
885 411 967 476 idus.
1003 433 1089 476 nunc

74 522 220 587 mergus,
241 500 304 565 hoc
327 503 377 565 est
395 500 585 593 propaginis
605 504 787 585 curuatura,
809 503 885 585 post
904 499 1090 586 triennium,

76 611 178 674 quam
200 611 312 674 pressa
335 589 450 673 fuerat,
472 589 633 654 recidetur
652 611 671 653 a
694 589 770 653 uite.

33 820 139 891 sus
166 819 310 886 vluna
339 819 504 885 vnrssr
539 818 588 885 ur
622 818 731 885 ruso
759 819 847 886 vsu
881 819 1090 886 runcum

440 924 727 1008 sarnanum.

145 1049 242 1116 Nunc
265 1073 302 1117 ac
325 1051 475 1135 deinceps
498 1051 595 1116 uinea
618 1054 726 1135 uetus,
757 1073 838 1134 quae
861 1050 895 1115 in
918 1051 995 1137 iugo
1020 1058 1069 1117 est
1088 1052 1143 1118 ·III

75 1141 132 1206 uel
155 1140 305 1226 pergula,
335 1140 363 1204 si
386 1139 522 1205 robusto
552 1144 584 1204 et
611 1140 740 1224 integro
768 1142 883 1205 trunco
914 1140 972 1224 sit,
1002 1142 1089 1206 abla-

76 1233 198 1314 queata
220 1229 297 1294 fimo
328 1229 466 1294 satietur
490 1232 523 1293 et
546 1229 717 1314 angustius
743 1231 860 1312 putata
887 1229 973 1293 inter
996 1251 1090 1314 quar·

34 1332 62 1374 1⁰
76 1325 151 1385 tum
174 1321 208 1383 et
229 1319 364 1382 tertium
387 1318 501 1402 pedem
525 1339 544 1381 a
566 1321 654 1381 terra
681 1316 879 1381 uiridissima
905 1321 998 1404 parte
1022 1340 1090 1384 cor·

75 1407 154 1474 ticis
191 1411 287 1472 acuto
327 1406 518 1471 ferramenti
554 1427 705 1470 mucrone
746 1404 883 1470 feriatur
922 1430 959 1472 ac
999 1407 1090 1472 fossa

75 1496 281 1581 ftequentius
311 1493 473 1560 incitetur.
518 1517 608 1578 nam,
637 1494 722 1558 sicut
751 1494 871 1559 adserit
900 1492 1089 1581 Columella,

76 1608 117 1650 ex
146 1606 185 1649 eo
214 1584 287 1650 loco
318 1605 451 1670 germen
480 1584 670 1668 plerumque
698 1582 850 1667 producit
877 1588 910 1648 et
937 1586 1088 1650 ueniente

76 1696 153 1739 uere
185 1673 293 1738 fundit
326 1673 510 1758 materiam,
548 1695 610 1757 qua
643 1671 720 1737 uitis
748 1677 916 1757 reparetur
946 1675 1088 1759 antiqua

39 1934 63 1975 15
149 1903 208 1969 DE
232 1902 455 1969 PVTANDIS
479 1903 655 1969 VITIBVS
680 1903 736 1969 ΕΤ
754 1891 1021 1971 'Asssofflssvs

144 2028 240 2095 Nunc
269 2029 398 2114 putatio
423 2028 619 2093 autumnalis
648 2028 831 2092 celebratur
857 2029 892 2092 in
921 2028 1045 2094 uitibus
1076 2027 1142 2094 IIII

77 2123 110 2184 et
129 2119 309 2202 arboribus,
332 2117 471 2182 maxime
491 2116 547 2186 ubi
565 2116 744 2180 innitamur
762 2121 873 2201 tepore
892 2118 1088 2203 prouinciae.

77 2212 111 2273 et
130 2211 286 2291 putantur
305 2206 435 2270 olineta.
463 2209 496 2270 et
516 2204 611 2288 oliua,
634 2227 707 2270 cum
731 2207 822 2269 uaria
841 2206 985 2290 coeperit
1008 2228 1089 2290 esse,

78 2296 253 2382 colligitur,
277 2317 314 2359 ex
339 2316 402 2378 qua
423 2294 566 2378 primum
589 2294 647 2358 fiet
671 2295 787 2359 oleum.
823 2317 900 2359 nam
920 2316 992 2360 cum
1016 2299 1088 2359 tota

37 2415 64 2454 zo
77 2385 249 2472 nigrescit,
282 2385 367 2468 quod
400 2383 520 2468 speciei
555 2383 672 2448 merito
705 2383 900 2467 posterauit,
933 2383 1088 2448 fundendi

77 2476 227 2540 ubertate
251 2477 436 2558 conpensat.
483 2476 534 2537 est
557 2470 648 2536 utilis
677 2473 822 2536 olearum
849 2472 978 2557 putatio
1007 2473 1133 2538 cete-2

76 2586 250 2648 rarumque
288 2564 454 2645 arborum,
496 2562 525 2625 si
565 2561 629 2627 loci
664 2561 789 2645 patitur
828 2559 1012 2647 disciplina,
1051 2567 1088 2627 ut

77 2653 194 2718 decisis
228 2650 448 2718 cacuminibus
481 2650 565 2715 rami
596 2651 733 2714 fluentes
760 2672 818 2734 per
849 2651 953 2715 latera
984 2673 1088 2735 prona

77 2741 265 2805 fundantur.
319 2740 405 2824 quod
442 2739 471 2804 si
507 2739 599 2822 regio
637 2739 780 2803 insolens
819 2744 852 2802 et
890 2739 1089 2804 incustodita

150 2966 343 3036 teonveniet3
363 2970 392 3021 et
415 2969 480 3020 ante
501 2967 567 3020 Idus
588 2984 662 3020 nuno
683 2967 725 3021 Vs
751 2969 760 3035 ll
787 2972 803 3019 3
824 2967 877 3021 hoe
898 2983 947 3021 om.
966 2984 989 3035 p
1012 2969 1016 3035 Ι
1039 2983 1089 3036 po·

77 3038 245 3094 striennium
265 3039 290 3093 G
308 3041 317 3107 ΙΙ
337 3045 354 3092 4
373 3037 459 3092 fuerit
475 3039 539 3107 ino
561 3037 601 3090 IN
621 3036 792 3091 PERGULA
810 3039 841 3091 Ε
853 3041 861 3107 ll
881 3044 895 3090 7
916 3055 949 3091 ao
969 3055 1019 3092 om.
1037 3038 1062 3091 G
1083 3037 1087 3109 Ι

78 3110 180 3192 deinde
192 3112 223 3164 Ε
233 3111 237 3183 l
253 3109 283 3164 in
297 3110 388 3166 ouaE
400 3112 409 3179 ll
423 3115 438 3162 8
452 3125 503 3178 per
517 3107 629 3190 singula
639 3126 692 3178 pro
706 3109 825 3178 pergula
839 3109 865 3161 L
882 3113 885 3179 Ι
902 3109 948 3162 uel
961 3108 1088 3177 pergula,

77 3200 111 3308 ill
121 3182 434 3321 ofptnplppgnppnptprllg
449 3181 756 3320 logfijesslgffiup’lisplmllss
772 3180 940 3331 dold'ineild
946 3180 1065 3304 ciiii&

79 3330 113 3379 13
131 3323 283 3393 plurimum
302 3325 313 3377 a·
333 3327 342 3393 {l
366 3329 399 3377 14
416 3341 467 3393 pro
486 3339 552 3376 uere
570 3323 601 3376 E
620 3326 624 3391 Ι
643 3326 757 3392 repatur
776 3325 802 3377 L
819 3324 822 3393 l
839 3325 957 3388 anthua
975 3338 1024 3375 one.
1041 3339 1063 3390 p

79 3394 274 3450 15V1TISP
305 3397 309 3463 Ι
339 3394 409 3447 UEL
430 3395 456 3449 G
485 3395 489 3465 l
518 3393 587 3448 locis
610 3393 774 3463 temperatis
798 3396 827 3447 et
848 3392 963 3460 reliquis
983 3394 1091 3449 addunt

76 3469 132 3521 r'uc
145 3468 154 3534 l
169 3472 202 3520 17
221 3466 270 3520 ubi
289 3483 338 3520 om.
363 3466 404 3518 V¹
420 3466 424 3535 Ι
440 3468 565 3535 tempore
583 3465 614 3517 E
625 3467 634 3534 ΙΙ
650 3472 682 3518 19
702 3466 734 3518 fit
747 3466 758 3518 i
771 3467 780 3534 ΙΙ
795 3470 828 3517 20
843 3463 983 3534 nigrescet
1001 3481 1091 3520 ornnes

69 3545 184 3605 praeter
202 3537 291 3592 GSE
301 3539 309 3608 Ι
324 3535 383 3606 spei
403 3555 421 3592 u
436 3539 445 3609 ll
459 3543 494 3592 23
514 3535 640 3593 decissas
661 3537 764 3610 Elt‘lb
776 3535 814 3590 in
830 3534 977 3589 cusbsb'nbs
991 3536 1026 3583 Ε
